2000 3650
266 280 347 354 518
417 265 799 356 Erremus·

264 495 952 512 W

327 615 672 717 ACTUS
735 614 894 716 ΙΙΙ.

266 888 274 900 .
379 806 637 892 SCENA
704 803 924 893 III.'

263 958 539 1050 nrurunnnrs.
558 995 787 1049 nrocrnrs.
806 998 951 1057 sunvos.

478 1143 733 1196 Prnrrnnnrs.

262 1230 341 1344 No
352 1306 370 1342 κ
386 1290 434 1342 oris
445 1284 527 1343 caused
537 1289 611 1342 modi>
621 1291 732 1342 homines
742 1309 841 1360 equom
853 1295 902 1347 fuit

263 1366 313 1416 Sibi
324 1366 412 1431 habere
423 1367 560 1431 speculum,
570 1367 611 1416 ubi
621 1381 649 1415 os
660 1369 858 1431 contemplarent
868 1370 947 1422 sumn:

262 1437 311 1488 Sed
322 1440 362 1504 qui
372 1440 508 1504 perspicere
519 1438 613 1504 pollent
624 1456 668 1489 cor
679 1440 820 1506 sapientiae,

262 1511 337 1578 Igitur
347 1512 482 1577 perspicere
493 1525 521 1562 ut
530 1511 617 1579 possint
627 1513 707 1563 cordis
719 1515 827 1579 copiam.

235 1587 247 1636 5
261 1583 311 1636 Ubi
320 1585 345 1635 id
354 1585 524 1651 inspexissent,
543 1588 680 1654 cogitarent
690 1587 771 1654 postea
783 1619 793 1647 ,

263 1659 345 1712 Vitam
354 1673 382 1710 ut
391 1659 500 1710 vixissent
511 1661 567 1710 olim
578 1662 603 1710 in
615 1661 786 1711 adolescentia.

260 1733 311 1786 vel
322 1733 385 1800 quali
395 1746 493 1802 egomet
503 1769 511 1793 ,
528 1735 569 1800 qui
579 1734 633 1784 dum
643 1733 685 1782 filii
696 1734 778 1785 caussa
788 1751 916 1804 coeperain

261 1806 315 1875 Ego
325 1825 364 1859 me
375 1809 515 1859 excruciare
525 1807 597 1857 animi
609 1844 617 1869 ‚
636 1806 699 1875 quali
709 1808 765 1875 quid
775 1807 841 1861 filius

261 1882 335 1932 Meus
345 1882 477 1949 deliquisset
485 1882 542 1933 med
551 1899 608 1949 erga
619 1899 627 1934 z
638 1894 680 1931 aut
688 1882 751 1949 quasi
759 1899 809 1931 non
819 1882 946 1950 plurimdm

215 1954 249 2001 [ο
261 1954 392 2007 Malesadia
401 1973 454 2006 mea
464 1956 540 2007 essent
549 1957 622 2006 solida
634 1990 642 2015 ,
660 1957 684 2005 in
694 1956 871 2010 adolescentia.

261 2027 375 2089 Prosesld
385 2030 512 2080 deliramus
525 2029 645 2080 interdum
655 2028 735 2080 senes,

259 2102 314 2151 Fuit
325 2102 476 2152 conducibile
486 2104 536 2153 hoc
546 2104 642 2169 quidem
652 2103 707 2152 med
717 2102 849 2164 sententii,

155 2236 156 2239 Ἴ
258 2173 308 2223 Sed
318 2192 385 2225 meus
397 2174 481 2225 sodalis
491 2176 511 2225 it
522 2193 576 2226 cum
585 2176 667 2244 praedd
676 2177 820 2243 Apoecides.

257 2248 351 2298 Venire
365 2248 455 2301 salvom
466 2264 628 2302 mercatorem
638 2251 744 2320 gaudeo.

128 2384 130 2388 ⁸
214 2319 386 2393 15Quulfitt

493 2397 703 2449 Aruernrn

404 2468 448 2521 Dii
457 2470 556 2538 deaeque
565 2484 592 2522 te
602 2470 728 2536 adjuvant.

474 2543 493 2595 Ρ
503 2558 546 2594 rn
554 2560 564 2593 1
573 2560 589 2595 r
597 2558 614 2593 n
623 2558 641 2594 Α
649 2560 667 2595 n
676 2558 692 2595 ε
700 2560 724 2604 s,

754 2615 839 2668 Omen
850 2617 940 2686 placet.

399 2738 401 2742 .
491 2689 703 2741 Arncrnrn

256 2758 324 2828 Quoi
334 2762 408 2815 omini
418 2779 503 2816 omnes
516 2765 644 2832 suppetunt
653 2781 694 2815 res
704 2762 837 2831 prospere.
