<?xml version="1.0" encoding="UTF-8"?>
<!DOCTYPE html PUBLIC "-//W3C//DTD XHTML 1.0 Transitional//EN"
    "http://www.w3.org/TR/xhtml1/DTD/xhtml1-transitional.dtd">
<html xmlns="http://www.w3.org/1999/xhtml" xml:lang="en" lang="en">
 <head>
  <title>
</title>
<meta http-equiv="Content-Type" content="text/html;charset=utf-8" />
  <meta name='ocr-system' content='tesseract 3.04.00' />
  <meta name='ocr-capabilities' content='ocr_page ocr_carea ocr_par ocr_line ocrx_word'/>
</head>
<body>
  <div class='ocr_page' id='page_1' title='image "./marciacciiplaut00simogoog_0362.png"; bbox 0 0 2000 3650; ppageno 0'>
   <div class='ocr_carea' id='block_1_1' title="bbox 228 377 765 478">
    <p class='ocr_par' dir='ltr' id='par_1_1' title="bbox 228 377 765 478">
     <span class='ocr_line' id='line_1_1' title="bbox 228 377 765 478; baseline 0.007 -21"><span class='ocrx_word' id='word_1_1' title='bbox 228 396 323 478; x_wconf 80' lang='lat'><strong>344</strong></span> <span class='ocrx_word' id='word_1_2' title='bbox 382 377 765 462; x_wconf 76' lang='lat' dir='ltr'><strong>Cvucurro.</strong></span> 
     </span>
    </p>
   </div>
   <div class='ocr_carea' id='block_1_2' title="bbox 183 511 924 1230">
    <p class='ocr_par' dir='ltr' id='par_1_2' title="bbox 183 511 924 1230">
     <span class='ocr_line' id='line_1_2' title="bbox 517 511 627 563; baseline 0.009 -1"><span class='ocrx_word' id='word_1_3' title='bbox 517 511 563 562; x_wconf 76' lang='lat' dir='ltr'><strong>Lu</strong></span> <span class='ocrx_word' id='word_1_4' title='bbox 572 525 588 562; x_wconf 91' lang='lat' dir='ltr'><strong>c</strong></span> <span class='ocrx_word' id='word_1_5' title='bbox 598 523 627 563; x_wconf 88' lang='lat' dir='ltr'><strong>o.</strong></span> 
     </span>
     <span class='ocr_line' id='line_1_3' title="bbox 229 582 777 652; baseline -0.005 -15"><span class='ocrx_word' id='word_1_6' title='bbox 229 585 296 638; x_wconf 79' lang='lat' dir='ltr'>Alibi</span> <span class='ocrx_word' id='word_1_7' title='bbox 306 597 332 636; x_wconf 84' lang='lat' dir='ltr'><strong>te</strong></span> <span class='ocrx_word' id='word_1_8' title='bbox 345 585 444 637; x_wconf 81' lang='lat' dir='ltr'><strong>meliu&#39;st</strong></span> <span class='ocrx_word' id='word_1_9' title='bbox 453 601 563 652; x_wconf 79' lang='lat' dir='ltr'><strong>quaerere</strong></span> <span class='ocrx_word' id='word_1_10' title='bbox 574 583 702 651; x_wconf 85' lang='lat' dir='ltr'>hospitium</span> <span class='ocrx_word' id='word_1_11' title='bbox 712 582 757 635; x_wconf 81' lang='lat' dir='ltr'>tibi</span> <span class='ocrx_word' id='word_1_12' title='bbox 767 618 777 645; x_wconf 91' lang='lat'>,</span> 
     </span>
     <span class='ocr_line' id='line_1_4' title="bbox 230 657 801 726; baseline 0 -15"><span class='ocrx_word' id='word_1_13' title='bbox 230 661 302 726; x_wconf 84' lang='lat' dir='ltr'>Apud</span> <span class='ocrx_word' id='word_1_14' title='bbox 312 676 350 710; x_wconf 87' lang='lat' dir='ltr'><strong>me</strong></span> <span class='ocrx_word' id='word_1_15' title='bbox 360 657 471 725; x_wconf 69' lang='lat' dir='ltr'><strong>proseliti</strong></span> <span class='ocrx_word' id='word_1_16' title='bbox 482 659 541 716; x_wconf 81' lang='lat' dir='ltr'>nihil</span> <span class='ocrx_word' id='word_1_17' title='bbox 553 658 587 710; x_wconf 83' lang='lat' dir='ltr'><strong>est</strong></span> <span class='ocrx_word' id='word_1_18' title='bbox 598 659 727 710; x_wconf 83' lang='lat' dir='ltr'><strong>Summano</strong></span> <span class='ocrx_word' id='word_1_19' title='bbox 737 658 801 711; x_wconf 83' lang='lat' dir='ltr'>loci.</span> 
     </span>
     <span class='ocr_line' id='line_1_5' title="bbox 231 732 717 802; baseline 0 -18"><span class='ocrx_word' id='word_1_20' title='bbox 231 734 280 784; x_wconf 88' lang='lat' dir='ltr'><strong>Sed</strong></span> <span class='ocrx_word' id='word_1_21' title='bbox 289 732 356 782; x_wconf 82' lang='lat' dir='ltr'>ilium</span> <span class='ocrx_word' id='word_1_22' title='bbox 367 766 374 792; x_wconf 88' lang='lat'>,</span> <span class='ocrx_word' id='word_1_23' title='bbox 392 750 465 801; x_wconf 84' lang='lat' dir='ltr'><strong>quem</strong></span> <span class='ocrx_word' id='word_1_24' title='bbox 475 733 580 801; x_wconf 83' lang='lat' dir='ltr'><strong>quaeris,</strong></span> <span class='ocrx_word' id='word_1_25' title='bbox 599 750 647 802; x_wconf 84' lang='lat' dir='ltr'><strong>ego</strong></span> <span class='ocrx_word' id='word_1_26' title='bbox 657 733 717 784; x_wconf 86' lang='lat' dir='ltr'><strong>sum.</strong></span> 
     </span>
     <span class='ocr_line' id='line_1_6' title="bbox 466 806 677 862; baseline -0.028 0"><span class='ocrx_word' id='word_1_27' title='bbox 466 806 517 862; x_wconf 81' lang='lat' dir='ltr'><strong>Cu</strong></span> <span class='ocrx_word' id='word_1_28' title='bbox 525 821 544 860; x_wconf 80' lang='lat' dir='ltr'><strong>u</strong></span> <span class='ocrx_word' id='word_1_29' title='bbox 552 821 568 858; x_wconf 87' lang='lat' dir='ltr'>c</span> <span class='ocrx_word' id='word_1_30' title='bbox 576 821 595 858; x_wconf 86' lang='grc' dir='ltr'><strong>υ</strong></span> <span class='ocrx_word' id='word_1_31' title='bbox 604 821 638 857; x_wconf 83' lang='lat' dir='ltr'><strong>rr</strong></span> <span class='ocrx_word' id='word_1_32' title='bbox 649 819 677 859; x_wconf 93' lang='lat' dir='ltr'><strong>o.</strong></span> 
     </span>
     <span class='ocr_line' id='line_1_7' title="bbox 533 877 924 946; baseline -0.003 -13"><span class='ocrx_word' id='word_1_33' title='bbox 533 901 535 904; x_wconf 49' lang='lat'><strong><em>¹</em></strong></span> <span class='ocrx_word' id='word_1_34' title='bbox 669 879 779 946; x_wconf 81' lang='lat' dir='ltr'><strong>Quaeso,</strong></span> <span class='ocrx_word' id='word_1_35' title='bbox 792 877 924 932; x_wconf 77' lang='lat' dir='ltr'><strong>tuneises</strong></span> 
     </span>
     <span class='ocr_line' id='line_1_8' title="bbox 183 951 452 1026; baseline -0.026 -14"><span class='ocrx_word' id='word_1_36' title='bbox 183 975 219 1024; x_wconf 81' lang='lat'><strong>50</strong></span> <span class='ocrx_word' id='word_1_37' title='bbox 230 955 300 1026; x_wconf 81' lang='lat' dir='ltr'>Lyco</span> <span class='ocrx_word' id='word_1_38' title='bbox 309 951 452 1024; x_wconf 73' lang='lat' dir='ltr'>trapezita?</span> 
     </span>
     <span class='ocr_line' id='line_1_9' title="bbox 520 1025 630 1082; baseline 0.018 -2"><span class='ocrx_word' id='word_1_39' title='bbox 520 1025 590 1080; x_wconf 67' lang='grc' dir='ltr'><strong>[γε</strong></span> <span class='ocrx_word' id='word_1_40' title='bbox 600 1040 630 1082; x_wconf 84' lang='grc' dir='ltr'><strong>ο.</strong></span> 
     </span>
     <span class='ocr_line' id='line_1_10' title="bbox 496 1101 622 1170; baseline 0.024 -18"><span class='ocrx_word' id='word_1_41' title='bbox 496 1101 550 1170; x_wconf 83' lang='lat' dir='ltr'><strong>Ego</strong></span> <span class='ocrx_word' id='word_1_42' title='bbox 562 1103 622 1155; x_wconf 77' lang='lat' dir='ltr'><strong>sum·</strong></span> 
     </span>
     <span class='ocr_line' id='line_1_11' title="bbox 469 1173 681 1230; baseline 0.019 -6"><span class='ocrx_word' id='word_1_43' title='bbox 469 1173 519 1226; x_wconf 84' lang='lat' dir='ltr'><strong>Cu</strong></span> <span class='ocrx_word' id='word_1_44' title='bbox 526 1189 546 1226; x_wconf 79' lang='lat' dir='ltr'><strong>a</strong></span> <span class='ocrx_word' id='word_1_45' title='bbox 554 1191 570 1230; x_wconf 88' lang='lat' dir='ltr'><strong>c</strong></span> <span class='ocrx_word' id='word_1_46' title='bbox 578 1191 596 1226; x_wconf 86' lang='lat' dir='ltr'><strong>u</strong></span> <span class='ocrx_word' id='word_1_47' title='bbox 606 1191 620 1226; x_wconf 81' lang='grc' dir='ltr'><strong>ι</strong></span> <span class='ocrx_word' id='word_1_48' title='bbox 630 1191 639 1226; x_wconf 90' lang='lat' dir='ltr'><strong>r</strong></span> <span class='ocrx_word' id='word_1_49' title='bbox 651 1188 681 1228; x_wconf 91' lang='lat' dir='ltr'><strong>o.</strong></span> 
     </span>
    </p>
   </div>
   <div class='ocr_carea' id='block_1_3' title="bbox 232 1247 925 1390">
    <p class='ocr_par' dir='ltr' id='par_1_3' title="bbox 232 1247 925 1390">
     <span class='ocr_line' id='line_1_12' title="bbox 705 1247 925 1302; baseline 0.014 -3"><span class='ocrx_word' id='word_1_50' title='bbox 705 1247 812 1302; x_wconf 78' lang='lat' dir='ltr'><strong>Multam</strong></span> <span class='ocrx_word' id='word_1_51' title='bbox 823 1266 864 1302; x_wconf 87' lang='lat' dir='ltr'><strong>me</strong></span> <span class='ocrx_word' id='word_1_52' title='bbox 881 1249 925 1302; x_wconf 82' lang='lat' dir='ltr'>tibi</span> 
     </span>
     <span class='ocr_line' id='line_1_13' title="bbox 232 1321 766 1390; baseline 0.002 -15"><span class='ocrx_word' id='word_1_53' title='bbox 232 1325 339 1376; x_wconf 81' lang='lat' dir='ltr'><strong>Salutem</strong></span> <span class='ocrx_word' id='word_1_54' title='bbox 349 1321 413 1390; x_wconf 86' lang='lat' dir='ltr'>jusiit</span> <span class='ocrx_word' id='word_1_55' title='bbox 422 1321 653 1390; x_wconf 85' lang='lat' dir='ltr'><strong>Therapontigonus</strong></span> <span class='ocrx_word' id='word_1_56' title='bbox 665 1322 747 1376; x_wconf 81' lang='lat' dir='ltr'>dicere</span> <span class='ocrx_word' id='word_1_57' title='bbox 758 1358 766 1384; x_wconf 87' lang='lat'>‚</span> 
     </span>
    </p>
   </div>
   <div class='ocr_carea' id='block_1_4' title="bbox 232 1395 925 1750">
    <p class='ocr_par' dir='ltr' id='par_1_4' title="bbox 232 1395 925 1750">
     <span class='ocr_line' id='line_1_14' title="bbox 232 1395 627 1462; baseline -0.003 -12"><span class='ocrx_word' id='word_1_58' title='bbox 232 1399 265 1450; x_wconf 77' lang='lat' dir='ltr'><strong>Et</strong></span> <span class='ocrx_word' id='word_1_59' title='bbox 273 1399 317 1455; x_wconf 79' lang='lat' dir='ltr'><strong>har</strong></span> <span class='ocrx_word' id='word_1_60' title='bbox 326 1398 427 1452; x_wconf 76' lang='lat' dir='ltr'><strong>&#39;tabellas</strong></span> <span class='ocrx_word' id='word_1_61' title='bbox 437 1396 495 1449; x_wconf 84' lang='lat' dir='ltr'><strong>dare</strong></span> <span class='ocrx_word' id='word_1_62' title='bbox 506 1412 544 1446; x_wconf 87' lang='lat' dir='ltr'><strong>me</strong></span> <span class='ocrx_word' id='word_1_63' title='bbox 555 1395 627 1462; x_wconf 76' lang='lat' dir='ltr'><strong>jussit.</strong></span> 
     </span>
     <span class='ocr_line' id='line_1_15' title="bbox 414 1469 629 1524; baseline -0.005 -1"><span class='ocrx_word' id='word_1_64' title='bbox 414 1483 418 1490; x_wconf 90' lang='lat'><em>·</em></span> <span class='ocrx_word' id='word_1_65' title='bbox 520 1469 629 1524; x_wconf 71' lang='lat' dir='ltr'>Luco.</span> 
     </span>
     <span class='ocr_line' id='line_1_16' title="bbox 466 1541 811 1615; baseline -0.003 -15"><span class='ocrx_word' id='word_1_66' title='bbox 466 1612 469 1615; x_wconf 32' lang='grc'><strong>,</strong></span> <span class='ocrx_word' id='word_1_67' title='bbox 696 1545 782 1602; x_wconf 68' lang='lat' dir='ltr'><strong>Miluu</strong></span> <span class='ocrx_word' id='word_1_68' title='bbox 799 1541 811 1599; x_wconf 75' lang='grc' dir='ltr'><strong><em>ἓ</em></strong></span> 
     </span>
     <span class='ocr_line' id='line_1_17' title="bbox 467 1615 681 1675; baseline 0.019 -4"><span class='ocrx_word' id='word_1_69' title='bbox 467 1615 681 1675; x_wconf 70' lang='lat' dir='ltr'><strong>concurro.</strong></span> 
     </span>
     <span class='ocr_line' id='line_1_18' title="bbox 874 1695 925 1750; baseline 0.02 -1"><span class='ocrx_word' id='word_1_70' title='bbox 874 1695 925 1750; x_wconf 66' lang='lat'><strong>112.</strong></span> 
     </span>
    </p>
   </div>
   <div class='ocr_carea' id='block_1_5' title="bbox 231 1756 674 1841">
    <p class='ocr_par' dir='ltr' id='par_1_5' title="bbox 231 1756 674 1841">
     <span class='ocr_line' id='line_1_19' title="bbox 231 1756 674 1841; baseline 0 -22"><span class='ocrx_word' id='word_1_71' title='bbox 231 1767 320 1838; x_wconf 81' lang='lat' dir='ltr'><strong>Cape,</strong></span> <span class='ocrx_word' id='word_1_72' title='bbox 337 1765 522 1841; x_wconf 79' lang='lat' dir='ltr'><strong>lignumnosee.</strong></span> <span class='ocrx_word' id='word_1_73' title='bbox 540 1764 653 1820; x_wconf 66' lang='lat' dir='ltr'>Nolim?</span> <span class='ocrx_word' id='word_1_74' title='bbox 671 1756 674 1762; x_wconf 73' lang='grc'>’</span> 
     </span>
    </p>
   </div>
   <div class='ocr_carea' id='block_1_6' title="bbox 158 1844 924 2935">
    <p class='ocr_par' dir='ltr' id='par_1_6' title="bbox 158 1844 924 2935">
     <span class='ocr_line' id='line_1_20' title="bbox 520 1844 628 1897; baseline 0 0"><span class='ocrx_word' id='word_1_75' title='bbox 520 1844 628 1897; x_wconf 75' lang='lat' dir='ltr'><strong>troo.</strong></span> 
     </span>
     <span class='ocr_line' id='line_1_21' title="bbox 190 1916 924 1985; baseline 0.014 -22"><span class='ocrx_word' id='word_1_76' title='bbox 190 1959 193 1963; x_wconf 87' lang='lat'>.</span> <span class='ocrx_word' id='word_1_77' title='bbox 675 1916 742 1985; x_wconf 85' lang='lat' dir='ltr'>Quid</span> <span class='ocrx_word' id='word_1_78' title='bbox 752 1920 777 1971; x_wconf 89' lang='lat' dir='ltr'>ni</span> <span class='ocrx_word' id='word_1_79' title='bbox 787 1916 924 1973; x_wconf 72' lang='lat' dir='ltr'><strong>noverim?</strong></span> 
     </span>
     <span class='ocr_line' id='line_1_22' title="bbox 232 1989 819 2062; baseline 0.005 -20"><span class='ocrx_word' id='word_1_80' title='bbox 232 1991 368 2062; x_wconf 75' lang='lat' dir='ltr'><strong>clypeatus</strong></span> <span class='ocrx_word' id='word_1_81' title='bbox 378 1989 533 2061; x_wconf 80' lang='lat' dir='ltr'><strong>elephantum</strong></span> <span class='ocrx_word' id='word_1_82' title='bbox 544 1994 585 2043; x_wconf 87' lang='lat' dir='ltr'><strong>ubi</strong></span> <span class='ocrx_word' id='word_1_83' title='bbox 596 1994 714 2045; x_wconf 72' lang='lat' dir='ltr'><strong>machari</strong></span> <span class='ocrx_word' id='word_1_84' title='bbox 726 1994 819 2047; x_wconf 77' lang='lat' dir='ltr'>dissicit.</span> 
     </span>
     <span class='ocr_line' id='line_1_23' title="bbox 158 2068 680 2123; baseline 0.01 -9"><span class='ocrx_word' id='word_1_85' title='bbox 158 2119 160 2123; x_wconf 62' lang='grc'>,</span> <span class='ocrx_word' id='word_1_86' title='bbox 467 2068 680 2119; x_wconf 75' lang='lat' dir='ltr'><strong>eurcurro.</strong></span> 
     </span>
     <span class='ocr_line' id='line_1_24' title="bbox 184 2134 847 2208; baseline 0.006 -20"><span class='ocrx_word' id='word_1_87' title='bbox 184 2148 197 2197; x_wconf 84' lang='lat'><em>5</em></span> <span class='ocrx_word' id='word_1_88' title='bbox 204 2148 217 2196; x_wconf 89' lang='lat'>5</span> <span class='ocrx_word' id='word_1_89' title='bbox 231 2138 307 2203; x_wconf 83' lang='lat' dir='ltr'><strong>Quod</strong></span> <span class='ocrx_word' id='word_1_90' title='bbox 317 2138 366 2190; x_wconf 76' lang='lat' dir='ltr'>illie</span> <span class='ocrx_word' id='word_1_91' title='bbox 377 2138 490 2204; x_wconf 80' lang='lat' dir='ltr'><strong>scripturn</strong></span> <span class='ocrx_word' id='word_1_92' title='bbox 501 2140 534 2189; x_wconf 87' lang='lat' dir='ltr'><strong>esi</strong></span> <span class='ocrx_word' id='word_1_93' title='bbox 546 2176 553 2199; x_wconf 94' lang='lat'>‚</span> <span class='ocrx_word' id='word_1_94' title='bbox 573 2142 596 2190; x_wconf 92' lang='lat' dir='ltr'>id</span> <span class='ocrx_word' id='word_1_95' title='bbox 609 2154 635 2192; x_wconf 86' lang='lat' dir='ltr'><strong>te</strong></span> <span class='ocrx_word' id='word_1_96' title='bbox 647 2159 717 2192; x_wconf 84' lang='lat' dir='ltr'><strong>orare</strong></span> <span class='ocrx_word' id='word_1_97' title='bbox 727 2134 847 2208; x_wconf 77' lang='lat' dir='ltr'><strong>jufferat,</strong></span> 
     </span>
     <span class='ocr_line' id='line_1_25' title="bbox 230 2211 822 2285; baseline 0.012 -22"><span class='ocrx_word' id='word_1_98' title='bbox 230 2211 343 2263; x_wconf 72' lang='grc' dir='ltr'><strong>Ριοὶεᾶὸ</strong></span> <span class='ocrx_word' id='word_1_99' title='bbox 353 2225 380 2263; x_wconf 91' lang='lat' dir='ltr'><strong>ut</strong></span> <span class='ocrx_word' id='word_1_100' title='bbox 389 2213 485 2265; x_wconf 78' lang='lat' dir='ltr'><strong>faceres</strong></span> <span class='ocrx_word' id='word_1_101' title='bbox 497 2249 508 2275; x_wconf 69' lang='lat' dir='ltr'><strong>r.</strong></span> <span class='ocrx_word' id='word_1_102' title='bbox 521 2214 585 2265; x_wconf 90' lang='lat' dir='ltr'><strong>suam</strong></span> <span class='ocrx_word' id='word_1_103' title='bbox 594 2214 612 2265; x_wconf 82' lang='lat' dir='ltr'>fi</span> <span class='ocrx_word' id='word_1_104' title='bbox 622 2218 699 2269; x_wconf 84' lang='lat' dir='ltr'><strong>velles</strong></span> <span class='ocrx_word' id='word_1_105' title='bbox 711 2218 822 2285; x_wconf 83' lang='lat' dir='ltr'><strong>gratiam.</strong></span> 
     </span>
     <span class='ocr_line' id='line_1_26' title="bbox 519 2288 627 2342; baseline 0.037 -4"><span class='ocrx_word' id='word_1_106' title='bbox 519 2288 627 2342; x_wconf 74' lang='lat' dir='ltr'>Luco.</span> 
     </span>
     <span class='ocr_line' id='line_1_27' title="bbox 230 2358 795 2431; baseline 0.004 -17"><span class='ocrx_word' id='word_1_107' title='bbox 230 2358 348 2414; x_wconf 82' lang='lat' dir='ltr'><strong>Concede</strong></span> <span class='ocrx_word' id='word_1_108' title='bbox 359 2393 367 2421; x_wconf 93' lang='lat'>‚</span> <span class='ocrx_word' id='word_1_109' title='bbox 383 2359 505 2428; x_wconf 83' lang='lat' dir='ltr'>inspiciam</span> <span class='ocrx_word' id='word_1_110' title='bbox 517 2364 573 2429; x_wconf 90' lang='lat' dir='ltr'>quid</span> <span class='ocrx_word' id='word_1_111' title='bbox 582 2362 610 2414; x_wconf 86' lang='lat' dir='ltr'><strong>fir</strong></span> <span class='ocrx_word' id='word_1_112' title='bbox 620 2363 742 2431; x_wconf 82' lang='lat' dir='ltr'><strong>scriptum.</strong></span> <span class='ocrx_word' id='word_1_113' title='bbox 792 2382 795 2387; x_wconf 93' lang='lat'>·</span> 
     </span>
     <span class='ocr_line' id='line_1_28' title="bbox 466 2435 679 2491; baseline 0.019 -4"><span class='ocrx_word' id='word_1_114' title='bbox 466 2435 679 2491; x_wconf 74' lang='lat' dir='ltr'><strong>Cuucutro.</strong></span> 
     </span>
     <span class='ocr_line' id='line_1_29' title="bbox 779 2512 922 2576; baseline 0.021 -13"><span class='ocrx_word' id='word_1_115' title='bbox 779 2512 922 2576; x_wconf 70' lang='lat' dir='ltr'><strong>Maxumiz,</strong></span> 
     </span>
     <span class='ocr_line' id='line_1_30' title="bbox 230 2584 903 2656; baseline 0.01 -22"><span class='ocrx_word' id='word_1_116' title='bbox 230 2584 287 2652; x_wconf 76' lang='lat' dir='ltr'><strong>Tuo</strong></span> <span class='ocrx_word' id='word_1_117' title='bbox 298 2584 431 2644; x_wconf 79' lang='lat' dir='ltr'><strong>arbitratu,</strong></span> <span class='ocrx_word' id='word_1_118' title='bbox 446 2585 501 2637; x_wconf 89' lang='lat' dir='ltr'><strong>dum</strong></span> <span class='ocrx_word' id='word_1_119' title='bbox 511 2586 617 2653; x_wconf 81' lang='lat' dir='ltr'><strong>auferam</strong></span> <span class='ocrx_word' id='word_1_120' title='bbox 627 2587 669 2637; x_wconf 82' lang='lat' dir='ltr'><strong>abs</strong></span> <span class='ocrx_word' id='word_1_121' title='bbox 679 2596 705 2637; x_wconf 89' lang='lat' dir='ltr'><strong>te</strong></span> <span class='ocrx_word' id='word_1_122' title='bbox 716 2584 741 2635; x_wconf 84' lang='lat' dir='ltr'>id</span> <span class='ocrx_word' id='word_1_123' title='bbox 753 2588 820 2654; x_wconf 91' lang='lat' dir='ltr'><strong>quod</strong></span> <span class='ocrx_word' id='word_1_124' title='bbox 831 2602 903 2656; x_wconf 88' lang='lat' dir='ltr'><strong>peto.</strong></span> 
     </span>
     <span class='ocr_line' id='line_1_31' title="bbox 290 2659 861 2716; baseline -0.002 -3"><span class='ocrx_word' id='word_1_125' title='bbox 290 2686 304 2713; x_wconf 84' lang='grc'><strong>.·</strong></span> <span class='ocrx_word' id='word_1_126' title='bbox 363 2710 367 2716; x_wconf 89' lang='grc'><em>,</em></span> <span class='ocrx_word' id='word_1_127' title='bbox 407 2675 411 2680; x_wconf 84' lang='grc'><strong>’</strong></span> <span class='ocrx_word' id='word_1_128' title='bbox 518 2662 626 2712; x_wconf 75' lang='lat' dir='ltr'>Luco.</span> <span class='ocrx_word' id='word_1_129' title='bbox 859 2659 861 2663; x_wconf 80' lang='lat'>&#39;</span> 
     </span>
     <span class='ocr_line' id='line_1_32' title="bbox 229 2730 760 2800; baseline 0.009 -22"><span class='ocrx_word' id='word_1_130' title='bbox 229 2752 245 2777; x_wconf 68' lang='lat' dir='ltr'>o</span> <span class='ocrx_word' id='word_1_131' title='bbox 257 2732 331 2781; x_wconf 89' lang='lat' dir='ltr'>Miles</span> <span class='ocrx_word' id='word_1_132' title='bbox 346 2732 441 2799; x_wconf 86' lang='lat' dir='ltr'>Lyconi</span> <span class='ocrx_word' id='word_1_133' title='bbox 451 2733 475 2784; x_wconf 90' lang='lat' dir='ltr'>in</span> <span class='ocrx_word' id='word_1_134' title='bbox 484 2735 606 2799; x_wconf 86' lang='lat' dir='ltr'>Epidauro</span> <span class='ocrx_word' id='word_1_135' title='bbox 617 2733 704 2800; x_wconf 88' lang='lat' dir='ltr'>hospiti</span> <span class='ocrx_word' id='word_1_136' title='bbox 718 2730 760 2784; x_wconf 85' lang='lat' dir='ltr'><strong>suo</strong></span> 
     </span>
     <span class='ocr_line' id='line_1_33' title="bbox 183 2792 803 2877; baseline 0.015 -25"><span class='ocrx_word' id='word_1_137' title='bbox 183 2792 219 2853; x_wconf 62' lang='lat'><strong>60</strong></span> <span class='ocrx_word' id='word_1_138' title='bbox 229 2827 245 2852; x_wconf 69' lang='lat' dir='ltr'><em>n</em></span> <span class='ocrx_word' id='word_1_139' title='bbox 257 2804 487 2872; x_wconf 79' lang='lat' dir='ltr'><strong>Therapontigonus</strong></span> <span class='ocrx_word' id='word_1_140' title='bbox 496 2808 664 2877; x_wconf 81' lang='lat' dir='ltr'><strong>Platagidorus</strong></span> <span class='ocrx_word' id='word_1_141' title='bbox 673 2809 803 2876; x_wconf 75' lang='lat' dir='ltr'><strong>plurinum</strong></span> 
     </span>
     <span class='ocr_line' id='line_1_34' title="bbox 229 2880 450 2935; baseline 0.032 -7"><span class='ocrx_word' id='word_1_142' title='bbox 229 2900 245 2927; x_wconf 73' lang='lat' dir='ltr'>n</span> <span class='ocrx_word' id='word_1_143' title='bbox 258 2880 367 2931; x_wconf 83' lang='lat' dir='ltr'><strong>Salutem</strong></span> <span class='ocrx_word' id='word_1_144' title='bbox 383 2880 450 2935; x_wconf 81' lang='lat' dir='ltr'>dicit.</span> 
     </span>
    </p>
   </div>
   <div class='ocr_carea' id='block_1_7' title="bbox 0 0 1032 3650">
    <p class='ocr_par' dir='ltr' id='par_1_7' title="bbox 0 0 1032 3650">
     <span class='ocr_line' id='line_1_35' title="bbox 0 0 1032 3650; baseline 0 0"><span class='ocrx_word' id='word_1_145' title='bbox 0 0 1032 3650; x_wconf 95' lang='lat' dir='ltr'><strong> </strong></span> 
     </span>
    </p>
   </div>
  </div>
 </body>
</html>
