2000 3650
215 278 305 360 43⁰
426 252 700 332 Cusum.

215 392 244 444 lo
255 393 345 460 hymen
354 389 481 459 hymenaee
495 385 501 436 !
515 385 540 436 io
550 386 640 454 hymen
653 384 660 436 !

469 463 645 512 Smluo,

597 532 665 597 Quid
674 530 744 601 agis,
759 547 815 583 mea
825 529 911 584 salus?

431 631 435 640 ·
471 605 658 658 Ouum.

215 682 300 736 Esurio
310 683 413 743 hercle,
427 694 500 750 atque
512 678 575 730 ade&
586 682 650 732 haud
659 679 722 731 fitio.

471 756 654 808 δτΛιιΝο.

600 829 635 879 At
646 845 694 898 ego
705 844 771 879 amo.

469 901 659 955 Ouummo.

628 998 631 1004 ·
671 976 706 1028 At
716 993 765 1044 ego
778 1010 785 1035 ,
800 976 906 1038 hercle,

192 1064 205 1116 5
218 1052 284 1106 Nihil
295 1051 360 1104 facio
370 1051 414 1104 tibi
425 1087 432 1113 ,
451 1068 535 1112 amor,
552 1050 637 1119 pericli
648 1068 657 1102 t
668 1052 725 1103 mihi
735 1050 854 1101 inanitate

217 1128 362 1184 Jamdudum
372 1126 482 1178 intestina
494 1137 651 1176 murmurant.

474 1201 653 1250 Summo.

628 1275 691 1323 Nam
700 1271 756 1339 quid
765 1271 831 1322 iuaec
842 1287 906 1322 nune

218 1348 322 1401 Tamdiu
341 1347 405 1398 intus
428 1361 585 1408 remoratur,
608 1345 672 1414 quafi
692 1349 724 1398 ob
743 1343 906 1398 industriam?

292 1419 382 1490 quantu
394 1438 442 1490 ego

219 1495 275 1550 Plus
286 1512 392 1564 propero
404 1529 412 1555 ‚
429 1491 498 1546 tantu
510 1494 550 1545 illa
560 1493 648 1548 minus.

174 1571 179 1590 '
303 1633 307 1641 .
468 1568 658 1622 Ouumuto.

404 1642 471 1711 Quid
482 1642 498 1693 fi
510 1645 581 1695 etiam
592 1655 721 1696 occentum
730 1637 907 1711 hymenaeum?

473 1717 651 1768 Summo·

219 1791 326 1845 Censeo.
335 1791 368 1845 Et
378 1807 426 1863 ego
436 1804 462 1844 te
473 1793 588 1861 adjutabo
597 1792 621 1843 in
631 1790 720 1861 nuptiis
731 1791 908 1845 communibus.

474 1867 662 1921 ΟιγΜΡιο.

177 1955 208 1993 ιο
219 1939 317 2010 Hymen
327 1940 453 2011 hymenaee
468 1940 474 1990 !
487 1942 512 1993 io
523 1944 612 2010 hymen
625 1940 633 1990 ἰ

471 2017 653 2066 Summo,

456 2084 520 2138 Perii
531 2123 538 2147 ‚
551 2090 635 2139 hercle
646 2122 654 2149 ,
667 2104 715 2157 ego
725 2089 795 2140 miset
806 2123 814 2148 ‚
830 2087 910 2154 dirupi

221 2160 349 2210 Cantando
359 2158 521 2227 Hymenaeum
533 2180 540 2216 τ
553 2164 611 2216 licet
629 2165 672 2215 illo
689 2166 794 2223 morbo,
810 2181 860 2233 quo
872 2165 909 2213 di·

292 2232 369 2299 rumpi
381 2236 452 2300 cupio
463 2269 470 2295 ,

220 2308 278 2359 Non
290 2306 323 2357 est
335 2308 414 2374 copia.

474 2384 662 2437 Ouummo.

266 2455 362 2524 Edepol
372 2474 409 2507 nae
419 2468 446 2508 tu
457 2492 464 2519 ,
477 2456 493 2508 fi
504 2458 563 2510 effes
574 2476 650 2527 equos
661 2476 669 2520 ς
680 2458 737 2511 esses
746 2457 908 2513 indomabilis.

476 2533 652 2586 Sumo.

205 2652 209 2661 ,
223 2598 282 2669 Quo
293 2603 457 2673 argumento?

476 2680 663 2736 omum.

696 2753 772 2809 Nimis
784 2769 860 2808 tenax
872 2773 907 2808 es.

993 410 995 479 J

994 548 995 599 u
