2000 3650
149 348 319 432 Acws
350 345 414 430 II.
444 347 520 430 Sc.
552 346 635 434 IV.
695 381 772 456 ²29

88 485 172 539 Juffin‘
184 518 191 543 ,
203 485 301 535 sceleste
313 518 320 542 ,
330 487 359 534 ab
368 484 438 550 janua
447 487 494 535 hoc
504 485 591 537 stercus
600 485 656 534 hinc
665 485 775 536 auferri?

88 559 172 612 Juffin'
184 559 299 608 columnis
311 557 382 624 dejici
391 575 477 623 operas
488 571 627 608 aranearum
640 557 651 607 ?

89 632 173 684 Juffin‘
183 632 208 681 in
220 631 371 697 splendorem
380 632 430 680 dari
438 632 513 682 bullas
521 633 562 682 has
572 631 662 682 foribus
671 632 754 682 nostris
764 631 774 682 ?
788 647 823 682 20

87 706 158 756 Nihil
176 705 210 754 est
226 721 232 754 z
248 717 361 770 tanquam
376 703 393 753 fi
410 705 507 756 claudus
523 704 581 764 sim,
602 721 656 754 cum
672 705 725 756 fusti
741 706 775 756 est

164 777 352 836 ambulandum

90 847 157 915 Quia
167 851 272 901 triduum
280 851 327 900 hoc
336 867 409 900 unum
415 848 488 901 modi>
497 851 552 903 foto
560 867 658 917 operam
666 849 776 902 affiduam

164 923 222 973 dedi
234 953 242 983 9

87 997 157 1047 Dum
175 996 293 1070 reperiam
311 996 355 1062 qui
368 995 479 1064 quaetitet
496 1009 623 1066 argentum
637 996 662 1046 in
678 997 746 1049 fenus
764 1029 773 1060 .

162 1068 204 1120 hic
218 1086 263 1120 vos

87 1142 209 1194 Dormitis
219 1143 312 1193 interea
322 1139 386 1190 domi
396 1160 404 1200 ς
420 1153 494 1209 atque
503 1142 575 1193 herus
585 1142 608 1192 in
618 1143 675 1194 hara
685 1179 692 1204 ‚
709 1145 773 1195 haud

162 1217 272 1275 aedibus,
291 1215 392 1264 habitat.

87 1289 154 1340 Hem
166 1305 244 1358 ergo,
263 1289 311 1338 hoc
324 1288 377 1338 tibi.
785 1307 799 1344 2
803 1309 816 1358 5

343 1360 518 1412 hunus.

234 1434 346 1502 Hospes,
363 1447 389 1484 te
400 1433 519 1492 obsecro,
537 1433 649 1486 deiende.

319 1506 425 1558 Mnc
434 1519 479 1557 n
488 1519 506 1560 ο
515 1519 544 1558 ιι.
610 1527 615 1534 ·

602 1579 692 1632 Saurea
700 1616 711 1642 .,
726 1597 771 1634 oro

85 1654 147 1707 Mea
159 1651 236 1706 causti
245 1667 273 1705 ut
282 1652 371 1706 mittas.

337 1728 524 1778 Laouini.

368 1801 439 1861 Eho,
458 1800 540 1868 ecquis
550 1815 595 1867 pro
603 1799 701 1851 veiiura
712 1799 769 1851 olivi

83 1875 197 1928 Resolvit
209 1872 221 1926 i

339 1947 515 1998 minvs.

258 2018 376 2071 Resolvit.

334 2092 479 2144 Laome
488 2106 517 2143 Α.

351 2192 356 2198 ·
376 2165 423 2215 Cui
434 2166 514 2215 datum
525 2162 580 2216 est?

339 2237 399 2290 Lu
409 2252 427 2289 Α
436 2253 513 2290 iius.

530 2310 615 2364 Sticho
624 2310 716 2364 vicario
725 2310 767 2379 ipfi

82 2387 151 2439 Tuo.

337 2457 454 2509 Leoni
464 2470 483 2508 n
492 2472 522 2509 A.

137 2528 211 2584 vah!
222 2528 329 2581 delenire
334 2546 443 2596 apparas.
456 2532 513 2581 Scio
519 2528 575 2581 mihi
582 2526 695 2579 vicarium
702 2527 763 2589 effe,

81 2605 171 2672 Neque
181 2621 213 2654 eo
223 2604 270 2655 effe
280 2604 374 2654 servom
381 2604 406 2653 in
416 2604 506 2655 edibus
515 2605 567 2654 heri
579 2636 587 2662 ,
606 2602 645 2670 qui
655 2600 681 2652 sit
692 2600 771 2669 pluris'

157 2681 227 2744 qu'am
237 2679 277 2727 ille
288 2677 324 2727 fit.

81 2750 133 2801 Sed
142 2751 198 2801 vina
208 2768 262 2817 (με
272 2751 326 2801 heri
335 2751 432 2801 vendidi
441 2751 534 2803 vinario
545 2750 684 2803 Exaerambo
697 2781 704 2809 ‚
777 2763 812 2818 30

83 2824 138 2877 Jam
147 2840 192 2891 pto
202 2824 232 2877 iis
244 2824 359 2877 satisfecit
368 2824 452 2877 Sticho
463 2821 475 2874 ἰ
