2000 3650
226 298 316 382 236
374 284 783 367 Animam.

225 423 281 476 Plus
294 423 421 472 sexcentos
433 419 571 484 Philippeos
582 428 620 466 ter
632 416 658 466 δι
671 430 769 484 quater.

226 497 275 548 Sed
286 511 417 547 evocemus
429 493 573 543 Euclionem
582 491 703 556 protinus.

456 566 692 616 Luconxnem

183 652 215 703 15
229 643 253 696 Ο
268 643 374 703 Euclio,
392 639 489 691 Euclio.

404 773 408 782 ι
443 711 699 782 Meonnonun

511 784 616 842 Euclio,
634 782 733 836 Euclio.

493 857 652 911 Eueno.

784 927 853 994 Quid
866 925 927 983 est?

458 1003 694 1056 anou1neo

232 1077 364 1132 Descende
374 1077 405 1128 ad
415 1095 460 1129 nos
472 1096 479 1130 z
491 1096 546 1128 nam
555 1077 599 1128 Dii
608 1090 635 1128 te
645 1077 765 1128 servatum
774 1077 882 1138 volunt,

233 1154 356 1204 Habemus
371 1153 459 1204 aulam.
556 1207 559 1212 ,
973 1152 975 1157 ’

481 1226 675 1278 Eunomim

516 1298 668 1357 Habetisne‚
688 1315 719 1348 an
732 1313 772 1347 me
787 1295 901 1350 deluditis
916 1295 930 1348 ἒ

462 1371 695 1424 Laconide&

235 1441 378 1504 Habemus.
393 1441 497 1512 inquam.
512 1443 610 1505 Μοάὸ,
626 1445 642 1494 fi
656 1458 746 1512 potes,
763 1445 811 1496 huc
825 1445 930 1500 advola·

374 1579 377 1586 Ι
502 1519 660 1568 Euenio
756 1534 759 1540 ·

237 1591 262 1643 0
276 1607 360 1659 magne
375 1590 487 1659 Iuppiter
503 1591 509 1643 !
526 1610 542 1643 o
555 1592 602 1642 Lat
615 1591 755 1651 familiaris,
771 1591 799 1642 ὅ(

189 1682 223 1718 20
236 1665 329 1732 Regina
339 1665 403 1717 Juno
415 1698 422 1724 ,
443 1665 468 1715 &
479 1665 559 1716 noster
569 1666 715 1716 thesaurarie

237 1739 326 1790 Alcide
338 1738 453 1789 lunden
464 1739 568 1790 miserati
582 1741 691 1789 miserum
702 1739 792 1789 senem.
888 1772 892 1780 ·

237 1812 280 1862 Oh
290 1846 298 1870 ,
310 1812 359 1871 oh,
374 1816 444 1881 quam
455 1814 532 1873 laetis,
544 1815 616 1873 aula,
626 1813 670 1863 tibi
680 1814 770 1863 amicus
779 1811 853 1864 senex

239 1886 397 1953 Compledior
409 1888 488 1946 nime,
507 1888 533 1938 δι
545 1900 571 1937 te
581 1886 645 1936 dulci
660 1888 730 1952 capio
743 1886 825 1937 osculo
837 1886 845 1937 !

239 1959 337 2025 Expleti
348 1976 444 2027 nequeo
455 1960 519 2010 mille
530 1962 572 2009 vel
582 1960 757 2024 cbmplexihus.

192 2050 224 2099 25
240 2032 264 2083 Ο
276 2032 328 2099 spes
340 2066 348 2094 ,
365 2050 382 2083 u
394 2050 452 2090 cor,
469 2032 557 2081 lustum
568 2032 728 2097 depulverans
742 2048 834 2085 meum·

465 2104 695 2155 Lucon1nen

239 2178 307 2229 Auro
319 2192 402 2227 catere
414 2176 507 2242 semper
518 2178 573 2227 duxi
583 2178 715 2245 pessumum
771 2215 773 2219 -

238 2252 270 2300 Et
285 2251 382 2316 pueris,
401 2250 427 2300 ὃ(
441 2250 515 2309 viris,
534 2251 668 2302 &senibus
685 2252 805 2307 omnibus.

240 2323 332 2375 Pueros
343 2322 447 2390 prostare
460 2325 526 2391 cogit
537 2324 668 2393 indigentia
679 2360 688 2387 ,

239 2398 314 2449 Viros
325 2398 415 2457 surari,
433 2398 592 2463 mendicarier
604 2400 667 2465 ipsos
682 2399 761 2451 senes.

194 2482 228 2535 30
241 2470 274 2521 At
284 2469 360 2524 multd
370 2471 440 2539 pejus
453 2470 503 2531 est,
517 2484 544 2522 ut
553 2474 628 2523 video
637 2490 719 2533 nunc,
735 2473 803 2539 supra

242 2545 321 2609 Quim
332 2546 397 2615 quod
407 2544 501 2595 necesse
513 2546 546 2595 esi
556 2547 625 2597 nobis
637 2579 646 2604 ,
665 2563 724 2596 auro
735 2546 888 2613 opulescete.

240 2618 297 2668 Heu
307 2632 406 2687 quantas
417 2616 492 2687 passus
506 2618 540 2669 est
550 2636 664 2671 aerumnas
674 2620 778 2681 Euclio,
857 2670 861 2675 ,

240 2691 281 2743 Ob
292 2692 370 2743 aulam
379 2692 453 2759 paulo
461 2704 519 2743 ante
529 2709 545 2743 a
555 2692 579 2745 se
591 2693 739 2761 deperditam
751 2693 759 2743 Ξ
