2000 3650
213 399 445 486 Acras
505 391 625 482 III.
684 402 772 496 345

329 535 377 586 Cu
386 549 405 584 a
413 548 429 583 c
437 549 456 584 u
464 549 496 584 ιι
506 547 536 584 ο.

384 608 458 659 Meus
467 609 507 658 hic
517 605 551 656 est
562 640 569 666 ,
587 603 683 658 hamum
692 619 774 661 vorat,

377 681 423 732 Lu
432 696 448 732 c
456 695 485 732 o.

88 778 107 808 u
118 755 214 808 Tecum
225 772 269 808 oro
281 790 292 815 ‚-
302 754 328 807 &
338 755 418 824 quaeso
428 789 435 814 ,
448 757 488 822 qui
497 756 540 806 has
550 754 651 804 tabellas
661 751 747 804 afferet

88 854 106 881 n
118 832 192 890 Tibi,
209 845 237 882 ut
247 831 270 881 ei
281 831 351 880 detur
362 863 370 888 ,
387 847 457 896 quam
467 827 517 878 istic
528 829 576 878 emi
585 824 703 895 virginem
713 861 723 886 ,

88 928 106 955 n
119 905 195 970 Quod
205 917 231 955 te
241 905 359 972 praesente
369 901 419 952 illic
430 903 470 971 egi
481 935 488 962 ,
502 914 576 969 teque
586 901 720 966 interprete
731 934 740 960 ,

90 1001 107 1029 u
120 981 152 1032 Et
163 996 262 1038 aurum,
277 978 303 1029 δι
313 977 403 1028 vestem
415 991 423 1026 ε
434 975 482 1043 jam
493 975 556 1033 scis,
567 986 596 1024 ut
605 975 757 1028 convenerit.
787 974 820 1040 65

90 1074 107 1103 n
120 1054 255 1124 Argentum
266 1053 309 1104 des
320 1049 412 1102 lenoni.
424 1049 489 1100 Huic
500 1049 543 1101 des
553 1046 681 1117 virginem·

378 1125 423 1175 [ι
433 1137 448 1174 c
458 1137 489 1176 ο.

89 1203 142 1255 Ubi
152 1201 213 1269 ipsus
225 1199 236 1252 i
256 1217 299 1251 cur
308 1215 357 1248 non
367 1199 435 1248 venit
446 1195 457 1245 ἒ

327 1272 376 1323 Cu
383 1285 403 1322 ι
411 1284 429 1321 c
436 1285 454 1322 u
462 1285 495 1322 ιι
505 1283 536 1322 ο.

555 1340 609 1410 Ego
623 1339 700 1392 dicam
711 1337 776 1392 tibia

92 1423 157 1490 Quia
169 1420 382 1488 nudiusquartus,
398 1416 508 1470 venimus
519 1415 543 1467 in
554 1417 666 1476 Cariam,

91 1501 130 1552 Ex
140 1497 208 1550 India
218 1488 230 1548 t⁸
239 1496 270 1546 ibi
281 1509 345 1544 nunc
354 1493 452 1544 statuam
461 1493 516 1542 volt
526 1492 582 1541 dare
593 1506 689 1542 auream
791 1527 795 1532 .

92 1573 198 1625 Solidam
207 1569 342 1622 faciundam
354 1585 386 1619 ex
395 1584 454 1620 auro
466 1565 611 1632 Philippeo,
627 1582 680 1631 que
689 1562 734 1616 siet
787 1576 825 1629 70

92 1644 283 1716 Septempedalis
296 1660 304 1696 a
317 1642 384 1695 fastis
395 1639 643 1692 monumentum-suis.

379 1717 423 1768 Lu
432 1730 448 1767 c
458 1728 488 1767 ο.

92 1796 257 1865 Quamobrem
268 1793 325 1845 istuc
338 1789 350 1843 l

330 1866 406 1925 Cuia
415 1878 459 1915 nu
466 1879 500 1914 ιι
510 1871 539 1914 ο.

209 1941 298 1995 Dicam
312 1940 383 2009 :quia
395 1940 458 1989 enim
469 1937 552 1988 Persas
564 1969 571 1995 ,
589 1933 756 2002 Paphlagonas
768 1964 779 1994 ,

92 2021 219 2089 Synopeas
230 2051 237 2077 ,
255 2017 347 2067 Arabas
358 2049 365 2074 ,
382 2012 474 2075 Caras,
491 2010 632 2068 Cretanos,
645 2008 720 2076 Syros
731 2040 741 2065 ,

91 2094 211 2147 Rhodiam
222 2104 293 2158 atque
302 2090 401 2157 Lyciam
413 2122 420 2147 ,
432 2084 559 2137 Perediam
568 2085 593 2135 ot
603 2080 776 2142 Perbibesiam,

93 2164 336 2221 Centauromachiam
347 2196 354 2223 ,
376 2163 401 2213 δι
412 2160 520 2211 Classiam
530 2157 740 2217 Unommmiam,
787 2172 803 2223 7
808 2170 822 2221 5

92 2243 240 2310 Libyamque
252 2255 318 2289 oram
329 2244 424 2287 omnem
436 2233 679 2302 Conterebromiam,

92 2316 222 2368 Dimidium
233 2324 325 2381 partem
337 2310 460 2361 nationum
470 2309 545 2375 usque
556 2305 661 2360 omnium

93 2391 195 2459 Subegit
206 2390 270 2439 solua
279 2388 341 2441 intra
350 2383 435 2451 viginti
447 2382 508 2433 dies.

380 2458 489 2507 chm

91 2539 150 2596 Van
163 2538 171 2590 l

330 2607 351 2657 C
361 2620 380 2655 u
389 2612 430 2655 ne
440 2616 459 2655 u
467 2616 500 2653 ιι
513 2612 543 2655 ο.

239 2680 306 2750 Quid
317 2683 402 2733 mirare
416 2678 426 2729 l

382 2755 427 2805 Li·
436 2759 452 2802 c'
462 2763 491 2802 ο.

411 2827 476 2893 Quia
485 2818 581 2875 enimin
590 2814 780 2874 caveasisorent

94 2905 225 2973 Conclusi,
240 2904 324 2960 itidem
333 2900 369 2956 uti
379 2903 438 2972 pulli
450 2897 595 2972 gallinacei,
790 2892 824 2947 80
