2000 3650
251 369 332 444 252
406 364 788 445 CAPTEIVEJ.

250 499 328 567 Cppia
339 496 390 557 est,
409 515 439 550 ea
449 497 527 548 facitis
537 514 582 547 nos
593 509 732 563 compotes.

450 567 728 632 Pmtoeunnus.

249 644 344 696 Secede
352 645 400 693 huc
409 658 472 693 nunc
481 641 547 708 jam,
563 641 701 702 fividetur,
717 647 804 711 procul
810 661 821 704 ς

249 719 289 768 Ne
300 717 382 768 arbitri
392 713 453 766 diua
461 717 540 765 nostra
549 716 658 766 arbitrati
667 729 773 782 queant,

202 789 237 837 25
251 793 321 841 Neve
330 789 542 856 permanetpasam
549 789 603 838 haec
612 787 690 840 nostra
699 789 803 841 fallacia.

206 925 209 932 .
250 865 313 915 Nam
324 863 434 914 doli'non
444 862 494 912 doli
506 862 576 921 sunt,
595 861 636 911 nist
645 861 694 911 astu
705 863 771 912 colas
782 858 790 922 ‚'

250 937 298 988 Sed
308 938 395 987 malum
406 953 541 986 maxumum
551 969 558 994 ‚
573 934 590 984 s1
600 935 625 984 id
634 935 712 1001 palam
721 935 845 1002 provenit.

249 1010 338 1062 Namfi
352 1012 424 1061 herus
438 1009 496 1059 mihi
509 1026 535 1061 es
545 1022 591 1068 tu,
608 1020 682 1077 atque
695 1025 742 1078 ego
752 1026 793 1060 me
806 1022 876 1060 tuum
891 1009 938 1062 esse

322 1085 417 1135 servom
428 1082 553 1141 affimulo,

161 1204 164 1208 ,
250 1158 344 1208 Tamen
353 1158 404 1208 viso
413 1156 504 1222 opn'st,
523 1168 596 1208 cauto
607 1153 641 1206 eu
651 1172 713 1222 opus
723 1189 733 1216 ‚
745 1167 773 1206 ut
781 1156 829 1206 hoc
840 1155 938 1217 sobrie,

322 1230 418 1298 fineque
432 1229 544 1288 arbitris,

204 1310 237 1362 30
251 1302 371 1354 Accurat'e
384 1304 432 1352 hoc
444 1313 547 1369 agatur,
563 1299 633 1351 doute
647 1301 672 1351 &
686 1301 824 1369 diligenter.
851 1346 855 1354 .

250 1377 329 1424 Tanta
339 1375 435 1442 incepta
443 1391 482 1426 res
492 1374 525 1424 est
536 1391 544 1426 t
555 1375 619 1426 haud
628 1373 787 1426 somniculose
796 1375 846 1427 huc

249 1447 377 1518 Agendum
391 1447 433 1500 est.

480 1519 699 1574 Trunnnun

492 1593 543 1644 Ero
554 1628 561 1653 ,
575 1606 603 1644 ut
613 1610 652 1646 me
662 1595 732 1646 voles
743 1594 802 1647 esse.

447 1663 730 1722 Pntnocnnttn

845 1741 938 1811 Spero.

479 1813 725 1873 Ttnnnnun‚

247 1888 309 1939 Nam
318 1900 345 1941 tu
353 1906 417 1942 nunc
425 1888 494 1941 vides
504 1906 549 1956 pro
557 1902 601 1941 tuo
610 1906 668 1940 caro
677 1886 774 1956 capite,

247 1962 336 2013 Carum
345 1962 433 2014 offerte
444 1978 524 2012 meum
537 1975 610 2027 caput
617 1963 712 2013 vilitati.

445 2034 724 2087 Pn1uocnnnen

200 2113 234 2166 35
246 2107 313 2159 Seio.

478 2180 697 2233 Txunnnun

281 2252 316 2303 At
323 2252 381 2303 scite
389 2266 521 2313 memento,
531 2253 935 2323 quandoidquodvolenhabebss.

245 2326 307 2377 Nam
325 2325 377 2377 fere
391 2344 499 2377 maxuma
514 2346 568 2393 pars
579 2343 673 2379 motem
686 2330 750 2379 hunc
762 2330 874 2382 homines
888 2331 936 2383 ha·

316 2400 374 2450 bent
385 2416 392 2450 ι
405 2402 469 2469 quod
477 2401 519 2451 fibi
529 2400 631 2460 volunt,
926 2421 930 2427 ·

244 2472 310 2524 Dum
324 2474 348 2524 id
357 2474 485 2541 impetrant
496 2509 504 2535 ‚
519 2476 577 2525 boni
586 2475 639 2525 sunt
649 2490 656 2526 ε
667 2475 740 2527 sedid
748 2475 846 2544 ubljans
854 2494 935 2545 penes

317 2548 341 2598 se
355 2547 378 2597 se
394 2548 500 2608 habent,
514 2551 519 2560 '

245 2620 282 2669 Ex
296 2620 365 2671 bonis
378 2620 476 2687 pessumi
493 2622 519 2672 δι
532 2619 743 2672 fraudulentifl'umi

245 2691 314 2741 Sunt.
326 2694 397 2743 Nunc
405 2707 434 2745 ut
441 2707 467 2744 te
475 2695 532 2744 mihi
540 2696 598 2745 volo
609 2694 655 2744 esse
665 2729 672 2754 ‚
691 2691 739 2744 esse
746 2707 856 2752 autumo.

196 2781 231 2831 40
245 2764 319 2833 Quod
328 2766 372 2817 tibi
381 2765 507 2829 suadeam,
526 2768 635 2821 suadeam
645 2766 781 2837 neopatr's.
