2000 3650
131 691 710 832 ΔΑοΤυεΙ.

176 905 549 1052 ‘SCENA
618 913 659 1001 I.
745 923 748 925 ’

309 1113 603 1171 ERGASILUS.

111 1201 143 1318 J
149 1269 196 1313 vv
205 1271 222 1312 a
231 1274 274 1312 κτ
282 1275 322 1313 us
336 1279 424 1313 nomen
434 1261 520 1313 indidit
530 1262 619 1314 Scorto
630 1261 706 1327 mihi,
811 1301 813 1306 ,

112 1334 151 1385 Eo
165 1335 219 1402 quia
230 1337 357 1388 invocatus
367 1337 433 1387 soleo
445 1335 491 1386 esse
502 1337 527 1385 in
537 1337 662 1389 convivio.

111 1407 170 1458 Scio
183 1407 282 1459 absurdi:
297 1410 383 1459 disium
393 1410 441 1460 hoc
454 1410 572 1461 derisores
586 1412 688 1475 dicere,

111 1481 147 1532 At
157 1495 204 1551 ego
215 1482 254 1532 aio
264 1483 338 1534 rette.
350 1485 412 1535 Nam
423 1483 449 1533 in
459 1484 573 1534 convivio
583 1483 625 1536 sibi

111 1555 233 1614 Amator,
247 1558 310 1608 talos
323 1555 376 1607 caim
387 1556 447 1624 jacit
458 1591 465 1616 ‚
483 1558 596 1628 Scortum
605 1559 715 1615 invocat.
809 1580 822 1629 5

111 1629 183 1679 Estne
196 1629 351 1692 invocatum,
366 1627 479 1683 annon?
497 1631 531 1682 est
539 1631 686 1696 planissume.

109 1699 205 1754 Versun
217 1737 226 1762 ,
242 1704 343 1762 hercle,
360 1703 444 1754 veriam
455 1715 499 1754 not
509 1703 603 1771 parasiti
612 1706 723 1770 planitia,

110 1774 806 1852 Quosnunquamquisquamaequevocat‚nequeinvocat‚

42 1884 51 1895 ,
110 1850 186 1917 Quasi
196 1868 274 1901 mures
283 1852 376 1918 semper
387 1850 478 1903 edimus
488 1852 593 1903 alienum
604 1853 692 1904 cibum.

110 1924 162 1978 Ubi
171 1942 210 1975 res
220 1926 319 1991 prolatae
331 1926 384 1975 sunt
397 1958 405 1983 ,
420 1921 474 1974 cuim
484 1940 525 1974 tus
535 1925 645 1976 homines
656 1939 714 1977 eunt
725 1962 733 1987 ,
809 1948 843 1990 10

110 1998 186 2048 Simul
197 1999 297 2067 prolatae
304 2016 346 2049 ¹res
357 2000 410 2050 sunt
422 1997 506 2051 nostris
517 1998 638 2059 dentibus.

110 2070 185 2139 Quasi
196 2106 204 2129 ,
222 2070 275 2121 etim
285 2075 394 2132 caletur,
409 2073 518 2124 cochieae
528 2072 663 2125 inocculto
673 2076 767 2136 latent,

110 2146 162 2195 Suo
174 2144 215 2195 sibi
223 2146 296 2196 succo
307 2147 408 2204 vivunt,
423 2162 463 2197 ros
474 2144 490 2195 fi
501 2163 551 2196 non
562 2148 643 2203 cadit:

109 2219 173 2269 Item
182 2218 276 2284 parasiti
285 2220 356 2269 rebus
366 2220 465 2284 prolatis
476 2221 555 2271 latent

109 2293 140 2344 ln
150 2294 267 2353 occulto,
280 2293 358 2342 miseri
368 2293 476 2345 viditant
486 2293 557 2343 succo
569 2293 630 2353 suo,
809 2320 841 2369 ¹5

109 2366 176 2420 Dum
185 2366 235 2417 ruri
245 2378 329 2416 rurant
337 2366 447 2417 homines
459 2384 520 2433 quos
530 2367 652 2435 liguriunt.
781 2363 783 2366 ’

112 2438 216 2492 Prolatis
229 2442 302 2490 rebus
313 2440 405 2507 parasiti
412 2440 524 2508 yenatici

109 2514 197 2564 Sumus
209 2530 216 2565 t
229 2514 324 2581 quando
334 2532 373 2564 res
382 2514 524 2572 redierunt,
541 2510 658 2565 moloffici

109 2586 265 2654 Odiosici'que
277 2588 303 2637 δι
313 2589 413 2637 multum
423 2586 630 2639 incommodisiici.

108 2660 142 2710 Et
153 2659 193 2711 hic
204 2660 300 2727 quidem
310 2662 393 2711 hercle
405 2696 413 2721 ,
430 2660 470 2711 nisi
481 2662 522 2727 qui
531 2660 647 2727 colaphos
655 2654 752 2729 perpeti
805 2677 841 2716 2⁰

109 2732 177 2784 Potis
185 2733 299 2800 pasasrtus
311 2768 319 2795 ,
336 2736 461 2803 frangique
471 2736 536 2784 aulas
545 2736 570 2784 in
580 2748 669 2801 caput,

109 2808 161 2863 vel
171 2809 207 2861 ire
218 2820 286 2863 extra
294 2820 390 2877 portam
400 2808 550 2881 trigeminam
561 2798 592 2860 ad
602 2808 696 2863 saccum
706 2807 774 2862 licet.

662 2882 687 2934 X
702 2881 720 2950 ij
