2000 3650
126 393 294 478 Acws
326 388 390 474 II.
421 389 499 473 Sc.
529 389 637 476 HL·
663 408 756 501 387

281 529 302 580 C
311 545 325 580 ι
337 543 353 580 ε
363 543 379 580 o
389 543 400 580 s
411 544 428 579 τ
437 543 455 578 n
464 543 482 579 A
490 543 509 579 τ
516 543 545 580 Α.

107 602 146 653 Te
154 602 209 654 sene
217 603 322 655 omnium
329 605 408 654 senem
416 602 590 654 neminemeffe
598 603 757 672 ignaviorem.

70 676 144 728 Unde
154 677 249 729 isnihili
259 675 269 727 ?
280 679 320 728 ubi
329 677 390 728 fuisti
400 675 463 728 e'ubi
472 676 599 738 lustratu's,
611 679 651 730 ubi
659 680 735 731 bibisti
746 679 757 731 ἒ

70 751 100 804 ld
111 750 144 802 est
153 751 352 804 mecastortvide
361 750 484 819 palliolum
494 763 522 804 ut
530 765 609 822 rugat.
770 749 805 804 3⁰

326 827 341 876 S
350 841 368 876 τ
375 840 394 876 A
401 841 433 876 tl
444 841 462 874 u
472 839 500 877 o.

425 898 461 949 Di
471 916 510 948 me
521 898 547 949 &
557 911 582 951 te
591 900 736 954 infelicitent
748 936 756 964 ,

71 972 98 1026 Si
107 989 153 1043 ego
162 972 187 1024 in
196 989 223 1026 os
233 989 312 1024 meum
321 972 395 1022 hodie
405 973 454 1023 vini
465 985 557 1041 guttam
565 974 648 1026 indidi.

282 1046 304 1098 C
314 1060 330 1097 1.
339 1059 355 1096 z
365 1060 402 1098 os
411 1062 429 1098 τ
438 1061 457 1097 n
465 1059 484 1098 A
492 1060 511 1096 τ
518 1060 546 1097 Α.

490 1119 543 1172 lind
552 1137 598 1192 age
608 1155 616 1182 ‚
633 1135 661 1174 ut
671 1125 756 1185 lubet,

71 1194 132 1248 Bibe
144 1229 152 1257 ,
171 1211 216 1256 es,
234 1193 343 1263 disperde
353 1211 417 1247 rem·

327 1269 342 1319 S
352 1284 370 1319 τ
378 1283 396 1319 Α
406 1283 420 1318 ι
429 1283 439 1317 1
449 1283 467 1320 u
476 1281 506 1320 o.

97 1342 759 1412 Ohe,jamsatisuxoresttcomprimeteznimiumtinnis.
858 1405 864 1410 .

72 1417 193 1484 Relinque
209 1418 356 1486 aliquantum
366 1417 481 1470 orationis
493 1451 501 1477 ‚
523 1434 576 1471 cras
585 1419 652 1487 quod
664 1435 759 1472 mecum

146 1492 182 1543 liti
200 1509 235 1543 es.

74 1565 124 1618 Sed
133 1509 232 1634 quidgais
243 1562 253 1614 ?
263 1563 312 1632 jam
321 1564 429 1616 domuisti
437 1565 541 1617 animum
549 1561 630 1635 potitis
639 1599 647 1627 ‚
656 1578 685 1618 ut
694 1567 760 1635 quod

146 1639 183 1690 vir
192 1639 253 1690 velit

74 1712 156 1774 Fieri,
169 1712 194 1763 id
204 1713 277 1766 facias
288 1716 358 1779 qudm
368 1713 495 1763 adversere
507 1723 592 1764 contra
603 1710 616 1762 ἒ
773 1731 807 1787 35

286 1786 308 1838 C
318 1802 333 1838 1.
344 1799 384 1838 zo
395 1799 407 1837 s
416 1800 434 1836 τ
442 1799 460 1837 a
468 1799 487 1837 A
495 1800 514 1837 τ
521 1800 552 1838 Α.

529 1860 586 1927 Qua
597 1860 628 1911 de
638 1877 665 1913 re
677 1857 688 1911 ἒ

328 1932 506 1986 ὃτΑιικο.

656 2006 738 2075 Rogas
749 2006 761 2057 d

75 2078 759 2151 Superancillacafine,utdeturnuptumnostrovillico‚

75 2159 153 2209 Servo
169 2157 232 2227 frugi
244 2173 252 2207 z
264 2169 336 2225 atque
354 2158 395 2209 ubi
411 2158 445 2207 illi
460 2158 523 2208 bene
540 2156 568 2208 fit
580 2192 588 2218 ,
602 2157 685 2226 ligno,
700 2174 761 2225 aqua

147 2231 242 2291 calida,
258 2230 312 2281 cibo
324 2264 332 2291 ,

75 2304 250 2365 vestimentis,
267 2305 356 2374 ubique
369 2304 456 2355 educat
465 2319 574 2371 pueros,
594 2321 654 2372 quos
665 2305 759 2371 pariat,

147 2378 228 2447 potuis

76 2452 157 2521 Qu'am
168 2454 201 2503 illi
211 2452 282 2503 servo
292 2468 395 2521 nequam
404 2452 447 2503 des
457 2450 576 2519 armigero
586 2484 594 2510 ,
612 2450 679 2501 nihili
687 2463 760 2518 atque
856 2452 865 2459 ’

148 2528 258 2594 improbo
269 2559 276 2586 ,
489 2526 494 2531 ’

76 2601 124 2655 Cui
133 2601 224 2654 homini
232 2602 304 2653 hodie
313 2598 394 2668 peculi
404 2616 513 2651 nummus
522 2614 573 2650 non
583 2595 616 2649 est
624 2598 759 2665 plumbeus.
771 2605 810 2656 4ο

287 2676 310 2726 C
316 2690 332 2725 ι
342 2690 357 2725 ε
366 2689 383 2725 o
392 2690 404 2725 s
412 2688 430 2725 τ
439 2688 458 2725 a
466 2688 485 2725 Α
493 2688 512 2725 τ
521 2687 551 2725 A.

76 2749 186 2810 Mirum,
198 2750 306 2809 ecastor,
321 2763 347 2802 te
356 2748 452 2801 seneda
460 2759 534 2801 etate
544 2744 650 2800 officium
657 2757 726 2799 tuum

76 2826 136 2878 Non
145 2823 272 2877 meminisse
283 2821 295 2873 d

606 2966 689 3055 xiij
