2000 3650
129 290 497 377 AcwsJJ.Sc.
529 291 618 379 III.
670 309 755 392 335
864 350 872 380 .,

88 615 91 620 ’
155 618 503 723 ACTUS
573 629 672 730 II.
729 658 731 661 ·

210 818 448 904 SCENA
507 820 639 906 Ill.-

74 1002 264 1056 CURCULIO.
290 1001 528 1056 PHAEDROMUS.
555 1003 758 1062 PALINURUS.

312 1157 525 1210 cuneum.

74 1245 136 1356 D
141 1315 200 1355 m
209 1301 272 1354 viam
281 1300 339 1354 mihi
347 1304 399 1356 noti
409 1317 482 1372 atque
492 1303 587 1372 ignoti,
598 1305 654 1356 dum
663 1323 712 1375 ego
721 1299 761 1358 hic

148 1376 254 1428 officium
266 1394 345 1432 meum
433 1406 436 1412 ·

75 1450 149 1502 Facio
161 1468 168 1503 :
180 1452 256 1518 fugite
267 1467 349 1502 omnes
362 1486 371 1513 ‚
384 1452 448 1504 abite
460 1485 468 1511 ‚
484 1452 512 1502 &
524 1453 555 1502 de
566 1451 605 1503 via
616 1453 721 1504 secedite
733 1469 742 1506 ε

77 1526 118 1575 Ne
129 1541 200 1591 quem
209 1526 234 1574 in
249 1526 317 1574 cursu
327 1525 405 1592 capite
418 1560 426 1586 ,
441 1538 483 1577 aut
494 1527 596 1588 cubito,
610 1540 652 1578 aut
661 1529 761 1595 pessote'

150 1597 287 1657 offendam,
301 1612 348 1650 ,aut
361 1616 434 1667 genu.

76 1673 185 1724 Itanunc
193 1669 284 1757 sulffitb,
294 1672 413 1740 ρῐορετὲ,
429 1673 455 1724 δι
464 1671 699 1751 celet{obje&um‘st
705 1673 763 1725 mihi

77 1820 133 1871 Nec
145 1757 308 1886 ffigfflfit
317 1830 367 1869 tam
380 1819 529 1886 opulentus,
547 1819 588 1888 qui
597 1817 655 1871 mihi
670 1819 763 1872 obfistat
778 1853 783 1861 ·

76 1969 133 2017 Nec
143 1911 257 2035 ἆῗεζειὲιῖε
267 2001 275 2028 ,
287 1984 333 2017 nec
343 1979 458 2036 tyrannus
468 1967 590 2036 quisquam
599 2000 607 2027 ‚
620 1984 667 2019 nec
677 1984 763 2036 agora·
774 1912 787 1962 ἲ

75 2115 134 2187 ¹Nec
150 2058 309 2200 ἓὲἒζτςείιιιε,
326 2132 372 2165 nec
387 2084 548 2178 co'marchus,
565 2132 613 2168 nec
629 2132 683 2167 cum
695 2127 764 2166 tanta

79 2190 702 2330 Quingclgtffisquincapitefistatinviadesemita.

78 2335 145 2384 Tum
153 2334 189 2385 isti
196 2337 276 2388 Graeci
285 2338 390 2403 palliati,
399 2335 477 2401 capite
487 2348 576 2399 operto
584 2338 624 2401 qui
632 2337 762 2394 ambulant,

80 2408 132 2472 Qui
142 2408 257 2460 incedunt
266 2409 409 2461 suffarcinati
417 2425 471 2457 cum
479 2406 545 2457 libris
555 2440 562 2466 ,
573 2424 627 2457 cum
636 2408 761 2474 sportulis,
778 2430 810 2467 10
844 2408 846 2414 ’

81 2483 215 2541 Constant,
228 2484 355 2534 conferunt
366 2483 487 2533 sermones
497 2481 561 2530 inter
569 2482 593 2530 se
604 2480 628 2529 se
638 2481 743 2546 drapetae
755 2496 763 2531 ε

81 2556 203 2616 Obstant,
215 2557 344 2616 obfistunt,
358 2557 473 2607 incedunt
483 2571 538 2604 cum
547 2554 593 2605 suis
605 2553 739 2604 sententiis.

83 2630 155 2694 Quos
168 2631 260 2698 semper
269 2632 352 2683 videas
363 2632 473 2680 bibentes
485 2626 531 2678 effe
544 2626 569 2677 in
581 2626 744 2693 thermopolio
755 2642 765 2685 3

83 2705 133 2755 Ubi
141 2705 197 2772 quid
204 2706 438 2773 surripuere,operto
446 2700 765 2767 capitulocalidumbibunt‚

82 2778 173 2831 Tristes
182 2794 254 2848 atque
263 2780 348 2831 ebrioli
356 2778 480 2830 incedunt.
491 2776 540 2828 Eos
549 2772 621 2844 egosn
630 2773 765 2833 offendero,
781 2789 811 2839 15

753 3015 765 3043 Ι
