2000 3650
225 343 318 415 206
374 327 775 417 szvrnnrn.
838 402 841 406 ,

425 485 431 505 r
483 465 504 516 E
513 479 531 515 υ
539 479 555 516 c
564 479 579 514 ι
588 481 598 514 1
609 479 639 516 o.

222 539 399 607 Compellarem
409 556 456 606 ego
466 539 550 598 illum,
571 539 596 588 ni
604 551 709 590 metuam
718 557 750 592 ne
762 538 853 594 definat

176 633 209 682 50
220 614 360 668 Memorare
370 629 449 664 mores
459 611 585 662 mulierum
600 628 607 662 ε
622 630 686 663 nunc
694 613 726 666 fic
736 613 818 668 finam.

432 685 463 736 M
471 699 488 735 e
495 699 515 736 e
524 699 544 736 A
552 699 571 734 n
580 699 599 736 o
608 701 628 736 n
636 701 654 736 υ
663 703 687 738 s.

220 761 269 810 Ubi
279 758 425 828 nugigerulis
434 775 474 810 res
486 759 563 810 soluta
573 759 607 809 est
617 761 726 812 omnibus
737 795 745 821 ,
789 763 791 768 '

219 834 256 884 Ibi
265 834 295 882 ad
305 833 448 900 postremum
460 833 525 883 cedit
534 833 623 892 miles,
641 838 675 885 aes'
686 835 758 902 petit.

218 907 287 965 Itur,
305 919 403 972 putatur
416 908 479 956 ratio
491 920 546 957 curn
555 908 711 975 argentario,
734 923 741 936 ·

218 979 352 1046 impransus
361 981 430 1030 miles
440 980 532 1040 adstat,
551 997 583 1030 aes
595 981 678 1031 censet
687 980 749 1034 dari.

172 1061 185 1110 5
191 1062 204 1110 5
218 1054 268 1103 Ubi
276 1054 394 1119 disputata
404 1053 437 1104 est
445 1055 508 1104 ratio
518 1071 571 1104 cum
582 1055 718 1122 argentario
730 1087 739 1114 ,

217 1126 297 1177 Etiam
306 1126 370 1194 ipsus
379 1129 444 1180 ultro
454 1128 530 1178 debet
539 1127 686 1194 argentario.

217 1200 278 1267 Spes
289 1215 435 1269 prorogatur
443 1201 512 1251 militi
521 1201 546 1249 in
554 1202 626 1250 alium
637 1201 710 1250 diem.

216 1272 279 1325 Haec
290 1275 342 1326 sunt
351 1287 424 1341 atque
433 1275 486 1324 aliae
496 1275 576 1321 multae
587 1273 612 1321 in
621 1273 712 1339 magnis
723 1269 819 1322 dotibus

216 1347 429 1398 incommoditates
439 1379 446 1404 .
465 1344 615 1410 sumptusque
626 1345 800 1397 intolerabiles.

169 1416 204 1470 60
215 1421 277 1469 Nam
287 1437 340 1487 quae
348 1419 456 1468 indotata
467 1417 501 1467 est
511 1451 519 1476 ,
540 1435 569 1467 en
579 1418 603 1466 in
612 1417 731 1482 potestate
743 1417 777 1467 est
785 1417 841 1470 viri.

213 1492 314 1544 Doratae
325 1491 428 1542 inaltant
437 1492 465 1542 δι
474 1491 539 1542 malo
551 1491 578 1542 δι
591 1491 677 1542 damno
689 1492 765 1542 viros.

212 1565 262 1616 Sed
271 1582 355 1616 eccum
365 1563 460 1615 affinem
470 1577 527 1615 ante
541 1564 625 1616 aedeis.
637 1564 705 1630 Quid
714 1565 749 1616 ais
762 1597 770 1625 ,
789 1563 875 1616 Euclio
888 1563 900 1615 l

475 1638 497 1687 E
505 1652 523 1688 υ
533 1651 548 1688 c
557 1653 572 1686 ι
581 1653 591 1687 1
601 1651 631 1688 0.

126 1747 135 1775 s
212 1709 317 1763 Nimium
325 1712 440 1765 lubenter
448 1710 504 1762 audi
515 1711 648 1762 sermonem
657 1722 735 1764 tuum.

346 1809 350 1816 ·
428 1786 679 1839 Mnonnonon

212 1856 290 1911 Ain'?
309 1858 442 1914 audivisti?
566 1900 569 1909 i

475 1933 630 1983 Eueno.

383 2007 466 2073 Usque
475 2022 490 2053 a
501 2005 620 2070 principio
633 2003 723 2056 omnia.

427 2078 677 2135 Mzonnonos.

778 2148 873 2200 Tamen
885 2184 894 2211 ,

164 2222 181 2275 6
184 2239 197 2288 5
211 2225 231 2275 E
241 2240 297 2274 ineo
307 2222 402 2291 quidun
412 2223 492 2274 animo
505 2256 512 2282 ‚
526 2220 649 2290 eliquanto
659 2221 733 2275 facias
741 2220 828 2274 relliirs
840 2256 849 2283 ,

210 2298 235 2347 Si
245 2298 341 2349 nitidior
351 2297 395 2349 fies
404 2296 494 2349 infiliae
504 2298 603 2365 nuptiis.

471 2371 519 2421 Eo
527 2384 544 2421 o
552 2384 585 2421 rr
594 2382 625 2422 o.

211 2444 260 2497 Pro
269 2441 415 2497 re'nitorern
425 2478 433 2504 ‚
453 2444 480 2496 ἃ
490 2445 591 2513 gloriam
601 2460 647 2511 pro
660 2442 740 2511 eopia.

211 2518 263 2583 Qui
274 2520 381 2579 habent,
394 2519 547 2570 meminerint
555 2519 580 2569 se
593 2518 618 2569 se
626 2518 690 2569 unde
701 2517 795 2568 oriundi
804 2516 873 2568 fient.

210 2592 507 2661 Nequepol,Megadore‚
514 2592 660 2658 mihi‚neque
668 2591 777 2659 cuiquem
782 2590 893 2659 pauperi,

161 2678 198 2727 70
211 2663 334 2731 Opinione
345 2667 429 2717 melitis
439 2682 479 2717 res
489 2665 573 2716 struo:
582 2664 616 2715 eli
626 2664 700 2717 domi.

251 2793 255 2801 ¹
422 2740 672 2790 Mronnonus.

207 2809 260 2863 Irni)
270 2810 323 2870 est,
339 2811 366 2863 δι
376 2812 419 2861 Dii
428 2812 518 2861 faciam
526 2812 562 2863 uti
570 2810 635 2871 fiet5
738 2864 744 2869 ,
