2000 3650
123 265 291 352 Actus
323 262 407 348 IV.
438 263 515 349 Sc.
545 263 609 349 II.
661 279 753 374 289.

283 422 287 427 ·
300 401 346 451 En
355 413 375 450 c,
382 414 401 450 n
409 415 421 450 s
430 416 440 450 1
450 415 492 452 tu
500 417 523 454 s.

69 473 751 544 Moveabstemoram,atqueErgasde‚agehancrem.
769 488 803 526 to

70 549 372 615 Eminoriuterminorque.
380 565 410 598 ne
418 549 470 616 quis
477 549 510 599 mi
517 550 634 601 obstiterit
641 552 752 603 obviamz

68 621 118 675 Nisi
128 622 169 688 qui
179 621 213 670 sat
224 622 264 670 diu
275 620 354 672 vixisse
366 621 390 671 se
402 622 425 671 se
435 623 508 673 homo
518 625 680 677 arbitrabitur.

70 695 132 746 Nam
142 695 183 764 qui
193 695 310 746 obstiterit
320 729 328 754 ,
348 712 392 746 ote
402 694 473 746 sistet.

343 768 368 818 H
379 783 394 817 u
404 781 422 817 o
432 785 441 818 1
452 783 480 820 0.

361 841 409 892 Hic
425 843 499 893 homo
515 843 648 912 pugilatum
662 843 755 914 incipit.

300 915 320 966 E
330 930 349 966 u
357 929 376 966 c
384 929 403 967 a
413 931 425 966 s
434 932 444 964 1
453 932 467 966 ι
476 930 495 967 u
506 931 529 966 s.
624 934 628 949 τ

73 991 165 1044 Facere
181 1001 274 1041 certum
290 989 331 1039 est.
345 987 449 1040 Proinde
464 1003 492 1040 ut
503 1007 587 1043 omnes
602 991 688 1043 itinera
704 991 758 1043 insi·

143 1065 204 1115 stant
217 1065 257 1114 sua
268 1097 276 1123 ,

72 1141 112 1190 Ne
124 1139 176 1206 quis
186 1139 211 1188 in
221 1139 266 1188 hac
274 1139 355 1204 platea
365 1133 449 1204 negoti
459 1138 570 1188 conferat
581 1139 707 1205 quicquam
716 1139 758 1189 sui.
777 1159 806 1206 15

74 1215 138 1263 Nam
148 1229 215 1262 meus
227 1211 260 1262 est
271 1211 350 1261 balista
360 1228 453 1280 pugnus
465 1245 473 1272 ,
492 1211 586 1263 cubitus
597 1213 717 1278 catapulta
728 1211 762 1262 est

145 1286 203 1334 mihi
215 1320 223 1345 ‚

75 1360 198 1412 Humerus
209 1359 281 1410 aries.
294 1359 359 1409 Tum
367 1375 431 1427 genu
440 1360 470 1409 ad
481 1376 601 1428 quemque
611 1359 715 1428 jecero,
732 1360 765 1411 ed
848 1425 851 1431 ,

145 1443 235 1484 tertam
250 1433 324 1483 dabo.

75 1508 224 1574 Dentilegos
236 1523 320 1559 omnes
335 1509 449 1560 mortales
466 1509 572 1568 seciam,
588 1525 708 1581 quemque
724 1508 765 1559 os·

148 1581 262 1632 sendero.

351 1655 376 1706 H
385 1669 402 1705 z
410 1670 429 1707 o
439 1671 449 1704 1
460 1668 488 1706 o.

79 1730 143 1796 Quae
153 1728 216 1782 illac
226 1727 340 1786 eminatio
352 1727 406 1779 est?
420 1745 474 1778 nam
485 1745 583 1794 nequeo
593 1728 672 1779 mirari
683 1730 752 1782 satis.¹

308 1803 354 1853 Eu
363 1817 381 1853 o
390 1817 408 1851 A
417 1817 428 1851 s
438 1818 447 1851 1
458 1817 499 1853 tu
508 1816 530 1852 s.

77 1878 176 1931 Faciam
188 1889 217 1928 ut
231 1876 285 1943 ejus
300 1876 349 1927 diei
361 1878 478 1943 locique,
498 1876 595 1943 meique
609 1878 702 1944 semper
717 1894 769 1927 me·
860 1939 863 1943 A

154 1951 251 2023 minetit
263 1966 271 2001 ε
782 1970 818 2006 20

82 2025 134 2093 Qui
145 2026 202 2077 mihi
213 2026 236 2075 in
246 2023 316 2074 cutsu
325 2022 443 2075 obstiterit
453 2056 462 2083 .
480 2024 536 2075 saxo
547 2024 604 2076 vitae
614 2024 634 2077 is
645 2026 769 2092 extempio

154 2098 274 2150 obstiterit
287 2098 343 2149 suae.

359 2170 384 2221 H
393 2184 409 2221 u
417 2186 436 2223 o
446 2189 457 2221 1
467 2185 495 2223 o.

86 2246 154 2313 Quid
165 2245 203 2295 hic
216 2246 291 2297 homo
301 2256 395 2297 tantum
411 2244 521 2312 incipissit
530 2247 613 2299 secere
629 2264 683 2299 cum
699 2245 773 2298 tantis

157 2320 227 2371 minis
239 2317 250 2369 t

316 2394 337 2445 E
347 2406 391 2446 nc
402 2408 420 2445 A
430 2408 441 2444 s
451 2410 460 2444 1
471 2408 486 2443 t.
495 2408 545 2443 us.

87 2466 158 2519 Prius
170 2468 255 2527 edico,
267 2484 298 2517 ne
308 2470 360 2535 quis
369 2479 469 2535 propter
479 2469 573 2535 culpam
584 2468 691 2533 capiatur
701 2465 775 2517 suam.

90 2542 226 2594 Continete
236 2558 281 2597 uos
292 2542 356 2593 domi
369 2576 376 2600 ,
389 2542 518 2609 prohibete
528 2542 621 2592 anobis
629 2541 678 2591 vim
688 2557 776 2592 meam.

364 2615 388 2665 H
400 2628 442 2665 uo
453 2630 463 2665 1
474 2628 503 2665 o.

91 2688 160 2745 Mira
171 2688 260 2756 edepol
271 2689 324 2741 sunt
335 2723 343 2749 ,
359 2690 385 2739 ni
394 2689 433 2740 hic
444 2690 469 2739 in
479 2701 590 2743 ventrem
600 2688 694 2761 sumpsit
704 2687 793 2743 cousin

168 2762 282 2814 dentiam.
793 2779 808 2813 2
814 2778 826 2825 5

132 2830 213 2897 Tom.
233 2831 261 2897 I.
637 2836 661 2896 Β
681 2837 700 2896 b
