2000 3650
229 288 309 363 ²42
382 257 758 342 ASJNARJA.

478 395 652 445 hunus.

225 469 335 523 Sermoni
343 469 391 532 jam
399 467 473 519 finem
481 468 536 519 face
545 479 589 519 tuo
600 482 607 518 ι
619 464 909 535 hujussermonemecd·

181 561 211 610 15
297 545 369 610 piam.

380 661 383 664 ,
442 613 691 666 namneus.

224 691 299 746 Vale.

451 759 681 812 Puzznnxum.

298 830 357 899 Qu&
367 832 506 902 properas?
555 871 560 880 .

330 907 332 911 ’
440 903 690 958 Ancumus.
897 949 901 959 .

433 980 501 1031 Bene
511 983 567 1031 vale
579 997 586 1032 ι
598 982 661 1046 apud
670 981 763 1031 Orcum
772 993 797 1032 te
807 978 905 1030 videbo.

226 1056 290 1106 Nam
300 1054 412 1122 equidem
420 1070 461 1106 me
471 1089 479 1115 ,
490 1053 540 1122 jam
549 1067 662 1122 quantum
672 1053 751 1121 potest
761 1088 770 1114 ,
780 1058 795 1106 ὲ
804 1055 854 1104 vita
864 1053 909 1102 ab·

297 1127 420 1195 judicabo.

453 1199 680 1252 Pmmvm.

224 1273 906 1338 cartuobsecroimmeritomeomemortidedereoptas.

442 1346 693 1398 Amemus.

225 1419 279 1486 Ego·
289 1431 315 1468 te
326 1415 338 1468 ?
353 1418 448 1485 quamn
458 1420 598 1488 intellegam
608 1419 712 1472 deficere
723 1420 772 1471 vita
782 1455 789 1480 ,
800 1418 848 1486 jam
857 1419 907 1484 ipse

76 1513 84 1527 ¹
179 1516 214 1553 20
225 1494 308 1547 Vitam
315 1508 393 1540 meam
401 1492 445 1542 tibi
453 1494 554 1560 largiar,
566 1494 591 1544 &
600 1495 630 1544 de
639 1511 693 1544 mea
701 1494 804 1544 adtuam
812 1493 906 1544 addam.

454 1563 498 1616 Pu
508 1583 517 1616 1
527 1581 542 1616 1.
551 1578 566 1616 ε
575 1583 610 1617 tu
620 1583 638 1617 υ
646 1581 679 1618 Μ.
693 1613 696 1618 ,

226 1636 277 1688 Cur
288 1653 347 1706 ergo
359 1637 475 1690 minitaris
484 1639 528 1688 tibi
537 1652 563 1689 te
573 1641 646 1690 vitam
659 1640 706 1690 esse
716 1638 847 1690 amiffurum
859 1637 870 1688 ἓ

225 1712 287 1761 Nam
298 1711 354 1776 quid
363 1729 402 1762 me
413 1711 526 1762 fastuum
536 1726 604 1780 putas
616 1747 625 1771 ,
643 1713 744 1764 fiisthuc
755 1713 820 1781 quod
830 1713 906 1773 dicis,

299 1784 360 1836 faxis
371 1783 383 1835 ἓ

222 1856 288 1909 Mihi
299 1871 391 1909 certum
402 1858 435 1909 est
447 1893 455 1918 ,
474 1858 572 1912 efficere
582 1860 607 1911 in
616 1878 654 1911 rne
665 1860 743 1912 omnia
757 1861 842 1911 eadem
854 1876 907 1927 quae

297 1944 326 1983 tu
334 1933 361 1983 in
369 1945 395 1983 te
406 1933 475 1984 fuis.

441 2006 688 2056 Ancrmrus.

226 2074 252 2131 0
264 2076 271 2127 !
283 2078 356 2129 melle
365 2076 430 2127 dulci
439 2076 532 2125 dulcior
542 2078 599 2127 mihi
608 2090 634 2127 tu
645 2095 682 2129 es.

449 2147 513 2199 1³³1
524 2163 539 2197 ι
549 2162 590 2200 nn
598 2166 607 2199 1
616 2165 635 2201 υ
643 2165 677 2201 Μ.

630 2224 906 2279 Cert'eenimtuvitaes

225 2293 296 2346 MibL
313 2292 493 2363 Compleaere·

442 2369 690 2426 Aecmeeus.

469 2444 543 2497 Facio
553 2447 647 2499 lubens.

451 2516 678 2571 Pummum.

179 2618 212 2669 25
609 2594 706 2647 Utinam
716 2593 747 2646 fic
757 2592 900 2646 efferamur!

474 2664 654 2719 Leonum.

226 2732 251 2785 0
264 2732 271 2785 Ξ
284 2733 374 2787 Libane
385 2768 393 2795 ,
407 2747 435 2786 ut
444 2737 514 2791 miser
524 2739 556 2791 est
566 2740 638 2791 homo
648 2740 690 2809 qui
699 2754 772 2796 emat.
