2000 3650
210 314 378 402 Acwo
408 312 449 400 J,
478 315 555 400 Sc.
586 311 625 402 I.
689 332 768 404 105

77 447 177 508 Verium
185 466 266 502 meam
274 469 395 512 uxorem,
407 453 518 514 Libane,
530 454 606 507 nescis
621 456 695 522 qualis
705 454 748 507 suet
759 454 769 507 ἒ
781 471 799 521 4
802 471 815 522 5

337 527 428 578 Lm
437 541 456 576 κ
465 541 517 580 us.

78 597 119 649 Tu
130 595 225 666 primus
235 597 309 650 sentis
320 634 328 659 ,
342 617 388 652 nos
398 612 480 650 tamen
491 601 670 666 praenoscimus.

156 723 162 727 .
293 673 551 728 Deuauurun

80 745 171 795 Fateor
182 760 238 795 earn
249 743 296 795 etse
306 745 467 812 importunam
477 759 550 812 atque
560 747 745 801 incommodam.

235 868 238 873 ⁴
337 819 514 870 Lrnauun

81 887 203 944 Posterius
212 888 288 942 isthuc
298 892 356 945 dicu
367 925 375 951 ,
391 896 461 959 quatu
473 893 548 943 credo
559 893 613 946 tibi.

83 965 88 972 ’
284 965 553 1022 ‚Duuunzrun

81 1035 177 1089 Omnes
191 1050 325 1104 parentes,
340 1039 448 1098 Libane,
463 1039 544 1089 liberis
558 1037 603 1104 suis
616 1043 628 1098 ‚'

81 1111 132 1175 Qui
145 1112 205 1160 mihi
218 1112 403 1172 auscultabunt,
422 1112 513 1165 facient
526 1107 697 1178 obsequelam:
785 1133 818 1183 50

82 1184 183 1250 Quippe
193 1183 235 1250 qui
244 1196 313 1252 mage
322 1187 400 1235 amico
408 1197 506 1235 utantur
515 1185 769 1252 gnato&benevolo:
847 1216 850 1222 ·

81 1257 164 1324 Atque
176 1273 225 1324 ego
234 1275 272 1307 me
280 1259 306 1307 id
314 1259 395 1308 facero
405 1256 498 1310 studeo.
509 1259 578 1312 Volo
588 1257 661 1307 amari
671 1273 684 1307 a
694 1257 770 1320 meis,

81 1331 150 1382 Volo
161 1347 202 1379 me
213 1331 286 1396 patris
296 1331 345 1381 mei
353 1330 468 1391 similem,
482 1331 522 1398 qui
533 1330 610 1384 causta
620 1346 674 1387 mea

82 1404 234 1453 Nauclerico
247 1404 296 1469 ipse
310 1417 397 1456 ornatu
409 1421 454 1471 per
466 1405 584 1472 failaciam
597 1439 606 1464 ‚

83 1475 165 1540 Quam
173 1478 282 1528 amabam
292 1509 301 1536 ,
314 1478 413 1528 abduxit
422 1480 452 1527 ab
462 1479 552 1528 lenone
562 1474 696 1530 mulieiem.
784 1489 797 1538 5
803 1490 815 1539 5

82 1551 171 1617 Neque
183 1551 269 1616 puduit
279 1568 335 1602 eum
344 1551 370 1601 id
378 1552 455 1602 aetatis
466 1552 635 1619 sycophantias

84 1627 203 1682 Stntere‚
224 1623 251 1674 &
263 1623 386 1674 beneficiis
395 1641 434 1675 une
444 1641 527 1674 emere
538 1638 634 1692 gnatum
646 1625 711 1676 suum
719 1622 770 1676 fibi.

84 1698 133 1748 Eos
143 1713 185 1748 me
198 1694 324 1755 decretum
335 1697 369 1747 est
378 1697 488 1764 persequi
497 1715 578 1749 mores
591 1701 674 1764 patris.

84 1771 146 1821 Nam
157 1787 198 1820 me
210 1770 285 1819 hodie
295 1772 374 1820 oravit
384 1771 536 1840 Argyrippus
544 1769 606 1820 filius
616 1805 624 1831 ,

84 1845 127 1895 Uti
138 1845 182 1895 sibi
192 1845 281 1893 amanti
290 1845 395 1897 facerem
404 1846 500 1913 argenti
511 1845 604 1909 copiam
617 1860 624 1893 t
781 1843 817 1894 60

85 1919 116 1969 Et
126 1920 152 1969 id
162 1934 212 1985 ego
222 1918 339 1985 percupio
351 1915 449 1984 obsequi
460 1928 536 1985 gnato
546 1913 601 1967 mbo
613 1928 621 1966 t

57 2033 60 2038 ⁴
84 1994 152 2045 Volo
161 1992 239 2041 antori
246 1992 471 2050 obsecutumiilius,
482 1992 541 2054 voto
549 2001 613 2039 amet
621 2004 660 2039 me
667 1998 771 2053 patrem.

84 2064 230 2133 Quanquam
239 2065 306 2115 illum
315 2077 390 2115 mater
400 2064 464 2115 artie
474 2062 638 2130 contenteque
651 2063 725 2113 habet
736 2094 744 2120 ,

84 2138 171 2189 Patres
181 2150 209 2188 ut
220 2138 397 2188 consueverunt
412 2153 420 2187 t
434 2154 482 2205 ego
492 2138 562 2188 mitto
574 2137 653 2187 omnia
663 2137 713 2185 haec
723 2152 732 2193 3

84 2212 220 2263 Praesertim
228 2228 300 2278 quom
309 2211 329 2261 is
339 2228 378 2261 me
387 2212 501 2279 dignum,
518 2210 576 2278 quoi
591 2210 751 2261 concrederet
760 2242 769 2268 ,
781 2196 814 2263 65

85 2285 193 2343 Habuit,
211 2297 250 2335 nte
259 2284 350 2335 habere
358 2285 477 2343 honorem
487 2283 540 2351 ejus
551 2283 648 2351 ingenio
660 2283 731 2335 decet
743 2296 749 2331 :

86 2358 170 2425 Quom
181 2374 221 2407 me
234 2357 309 2417 adiit,
323 2370 352 2409 ut
361 2358 493 2424 pudentem
506 2370 604 2427 gnatum
614 2372 708 2424 aequom
718 2354 768 2414 est,

174 2444 251 2481 atrem
261 2449 270 2489 3

87 2448 173 2573 CupioP
177 2503 224 2555 effe
236 2504 317 2556 amica
327 2504 393 2570 quod
403 2505 446 2555 det
454 2517 580 2571 argentum
590 2488 646 2553 'sum

338 2576 516 2628 Lmuuun

87 2652 203 2703 Demitur
215 2650 272 2719 quid
282 2650 309 2701 srt
320 2684 328 2710 ,
342 2651 368 2700 &
380 2650 428 2717 quo
439 2651 526 2700 evadat
537 2684 544 2709 ‚
563 2652 612 2701 sum
621 2648 646 2701 in
657 2659 735 2701 metu·

300 2724 556 2776 Dssunuaron

87 2798 205 2869 Equidem
214 2797 263 2851 scio
271 2796 320 2867 jam
327 2795 418 2857 filium,
430 2793 495 2864 quod
505 2808 587 2857 amet,
600 2811 690 2849 meum.
783 2809 818 2859 70
