2000 3650
1386 368 1530 439 ι]ι

155 905 1556 1117 PROLOGUs-

326 1198 533 1253 LAR
615 1197 1355 1253 FAMILIARIS.

156 1326 316 1442 NE
346 1401 388 1450 Q
403 1403 439 1439 υ
456 1403 476 1438 1
495 1401 520 1439 s
549 1386 748 1439 miretur
771 1386 851 1457 qui
870 1387 951 1438 sun
971 1421 987 1446 ‚
1027 1382 1194 1453 paucis
1217 1376 1441 1452 eloquar.

160 1480 266 1549 Ego
287 1481 383 1532 Lar
405 1482 505 1533 sum
524 1483 764 1534 familiaris
786 1516 802 1542 ,
832 1499 895 1533 ex
912 1479 1005 1531 ha'c
1026 1477 1203 1530 familia
1219 1513 1235 1538 ‚

158 1573 305 1625 Unde
326 1586 587 1628 exeuntem
604 1593 682 1626 me
704 1575 959 1642 aspexistis.
990 1575 1134 1625 Hanc
1150 1573 1351 1625 domum

158 1669 268 1723 Jam
288 1647 469 1723 multos
486 1687 637 1722 annos
660 1671 727 1723 est
751 1686 861 1723 cum
879 1669 1094 1735 poffideo
1117 1702 1132 1727 ,
1162 1668 1215 1719 ὃ(
1235 1671 1350 1719 colo

160 1761 389 1831 Patrique
411 1797 427 1823 ,
468 1781 658 1833 avoque
678 1763 776 1832 jam
797 1759 939 1831 hujus
961 1765 1044 1831 qui
1060 1780 1186 1814 nunc
1206 1762 1286 1813 hic
1305 1764 1455 1815 habet
1475 1779 1490 1821 3
1557 1785 1582 1835 ς

161 1856 258 1908 Sed
279 1856 395 1907 mihi
413 1873 532 1909 avos
552 1855 695 1925 hujus
717 1857 973 1909 obsecrans
995 1860 1297 1911 concredidit

162 1948 463 2000 Thesaurum
482 1950 587 2002 auri
608 1950 730 2001 clam
752 1950 936 2003 omneis
958 1966 975 2001 ε
1002 1950 1050 2000 in
1072 1952 1232 2003 medio
1251 1950 1370 2003 foco
1480 1979 1484 1986 ·

162 2042 375 2097 Defodit
393 2078 413 2105 ,
440 2062 679 2098 venerans
710 2063 787 2096 me
806 2079 822 2105 ,
856 2058 911 2097 ut
938 2045 989 2095 id
1018 2044 1256 2097 servarem
1284 2044 1388 2102 fibi.

163 2134 212 2189 Is
233 2135 462 2203 quoniam
482 2139 686 2191 moritur
707 2137 730 2203 (
750 2140 817 2190 ita
836 2141 979 2192 avido
998 2142 1194 2209 ingenio
1214 2141 1346 2210 fuit)

164 2230 421 2297 Nunquam
438 2231 649 2299 indicare
668 2230 718 2279 id
738 2228 838 2281 filio
858 2234 1015 2283 voluit
1035 2234 1119 2289 suo
1142 2254 1158 2289 ε

166 2321 465 2391 Inopemque
487 2326 674 2392 optavit
693 2324 854 2392 potitis
876 2343 987 2378 eum
1006 2330 1280 2396 relinquere
1307 2336 1329 2388 ,‘

166 2412 329 2479 Quium
348 2432 460 2467 eum
476 2418 750 2469 thesaurum
772 2416 1164 2474 commonstraret
1181 2419 1306 2474 filio.

166 2509 288 2579 Agri
306 2510 502 2579 reliquit
529 2512 576 2564 ei
599 2530 698 2568 non
720 2529 944 2582 magnum
962 2512 1161 2563 modum
1179 2547 1196 2573 ,

167 2601 286 2667 Quo
308 2620 419 2654 cum
439 2605 607 2656 labore
628 2624 802 2678 magno
825 2608 877 2658 δε
896 2607 1067 2659 miser'e
1086 2609 1298 2661 viveret·

113 2707 119 2714 ‘
166 2700 268 2751 Ubi
286 2700 327 2751 is
350 2702 470 2751 obiit
489 2714 697 2753 mortem
719 2700 800 2766 qui
820 2700 935 2749 mihi
954 2699 1003 2749 id
1023 2717 1190 2751 aurum
1211 2698 1414 2755 credidit
1434 2721 1469 2764 ,τ
1565 2729 1584 2767 1
1601 2728 1626 2777 5

170 2794 313 2865 Coepi
336 2796 593 2851 observare
615 2831 630 2858 ,
664 2787 840 2864 ecquid
864 2793 1101 2864 majorem
1124 2793 1247 2850 filius

1296 2886 1332 2937 P
1359 2886 1390 2952 ij

1565 2261 1629 2299 10
