2000 3650
147 340 320 428 Acwr
352 336 443 422 III.
473 337 508 420 S
513 365 552 426 c.
583 335 627 437 I.¹
684 353 748 441 63
796 292 798 301 >

60 477 203 544 Amphitruo
214 475 312 527 accusat
323 507 332 534 ‚
347 476 405 530 veni
416 475 566 527 maurilium
576 476 664 526 feram.
762 475 795 534 1'0

61 553 118 602 Nam
127 549 223 602 mersit
234 552 304 616 culpa
314 565 323 608 3
343 549 409 616 quod
419 563 519 618 egomet
529 550 712 613 contraxerim,

63 626 84 676 Si
92 625 115 675 id
125 626 271 676 Alcumena
282 623 408 673 innocenti
417 635 527 689 expetat.

63 701 127 750 Nunc
137 698 344 765 Amphitruonem
352 709 442 748 memet
452 731 460 757 ‚
475 709 503 748 ut
511 698 608 765 occoepi
618 698 711 761 semel,
820 761 827 768 Κ

63 772 110 824 Effe
119 773 260 823 adimulabo
273 805 280 830 ,
298 783 370 837 atque
381 771 406 821 in
416 772 501 822 horum
511 773 624 823 familiam
729 775 732 780 ’

63 847 246 897 fruſtrationem
254 845 329 894 hodie
341 843 445 910 injiciam
458 863 602 898 maxumam.
762 871 774 910 ι
780 870 793 921 5

63 919 111 970 Post
121 920 195 988 igitur
205 919 304 968 demum
313 918 398 968 faciam
408 935 447 969 res
455 918 497 968 rin
507 921 602 984 palam,

64 993 138 1060 Atque
149 992 297 1043 Alcumenae
308 992 451 1058 intempore
461 993 574 1042 auxilium
584 993 659 1042 ferm
671 1009 680 1046 t

63 1066 203 1133 Faciamque
214 1077 243 1115 ut
251 1080 301 1114 uno
311 1063 363 1115 fetu
373 1097 380 1124 ,
396 1065 422 1116 δι
433 1065 498 1132 quod
508 1066 605 1134 gravida
615 1066 649 1114 est
657 1067 729 1126 viro,

63 1139 92 1190 Et
101 1157 138 1189 me
150 1139 219 1206 quod
230 1137 354 1205 gravida’st
366 1172 374 1198 ,
395 1140 472 1204 pariat
481 1137 531 1188 sine
542 1139 676 1190 doloribus.

63 1212 211 1262 Mercurium
222 1209 449 1277 jussimecontinud
462 1211 596 1277 consequi,
675 1257 678 1260 .
761 1226 796 1264 20

65 1286 87 1336 Si
96 1286 152 1355 quid
161 1287 254 1337 vellem
264 1284 392 1353 inperare.
406 1287 478 1337 Nunc
488 1286 551 1336 hanc
561 1285 682 1353 alloquar.

138 1593 676 1704 AGTUSIII·

179 1816 490 1909 SCENA
547 1817 640 1907 II.

147 2026 407 2087 ALcuMENA.
444 2028 677 2086 JUPPITER.

306 2194 529 2255 Ancunrnn.

76 2326 183 2437 Dur
192 2395 210 2434 Α
219 2396 263 2435 nr
277 2401 374 2453 nequeo
385 2384 409 2436 in
420 2384 509 2437 aedibur
523 2402 532 2438 t
545 2385 578 2438 ita
588 2404 627 2438 me
636 2386 739 2455 probri,

78 2457 156 2524 Stupri
166 2492 174 2518 ,
192 2458 319 2510 dedecoris
329 2474 344 2507 a
353 2460 407 2509 viro
417 2472 526 2527 argutam
535 2478 592 2511 meo
604 2460 611 2509 i

77 2531 111 2580 En
120 2548 173 2598 quae
183 2532 322 2591 suntfad‘ta,
333 2531 420 2582 infesta
430 2534 523 2594 refert,
533 2551 561 2584 ac
572 2532 686 2584 clamitat.
755 2554 758 2561 ·

81 2602 758 2675 Quaencquesuntfafta‚nequeegoinmeadrnifi‚arguit:

81 2677 158 2745 Atque
167 2678 190 2728 id
199 2696 238 2729 me
250 2679 335 2747 susque
346 2680 424 2746 deque
435 2680 482 2729 effe
491 2681 626 2731 habituram
632 2694 702 2747 putat
712 2679 723 2730 ἒ
773 2703 787 2756 5

80 2750 136 2800 Non
148 2752 234 2819 edepol
244 2753 332 2802 faciam
344 2768 351 2801 τ
363 2769 442 2820 neque
452 2770 491 2803 me
502 2756 624 2820 perpetiar
632 2754 715 2820 probri

81 2822 147 2875 Fuso
156 2824 320 2880 insimulatam.
333 2825 399 2891 Quin
410 2842 457 2894 ego
466 2826 532 2878 illum
542 2840 583 2883 aut
592 2828 715 2886 deseram,
