2000 3650
98 285 268 371 Acws
298 280 363 369 II.
394 282 471 367 Sc.
503 281 633 371 VIII.
664 317 755 394 407

228 465 233 472 ,
324 421 512 474 Oaiuuao.

71 493 129 551 Vin‘
140 494 272 566 lingulacas
283 493 295 547 ἓ

325 569 507 621 Snuiuo.
575 629 602 640 ..
668 625 672 634 ,

144 667 148 676 =
221 642 293 709 Quid
305 643 430 712 opus-est5
447 643 543 710 quando
555 657 617 696 uxor
627 642 693 696 domi
702 643 736 697 est
748 641 761 696 ἒ

72 716 108 766 Ea
119 715 238 786 lingulaca
250 717 284 770 est
294 719 362 769 nobis
376 733 382 767 :
395 735 449 766 nam
461 735 582 785 nunquam
593 731 671 772 tacet.

323 792 513 843 Ouumio.

71 864 139 915 inre
151 864 262 931 praesenti
274 900 281 925 ‚
295 883 326 916 ex
338 865 408 932 copia
419 864 519 932 piscaria

73 937 209 991 Consulere
221 974 229 1000 ,
249 939 307 1008 quid
318 957 395 990 emam
406 956 501 1006 aequom
513 937 556 989 est.

328 1013 508 1064 smnio.

503 1083 611 1154 AEquom
621 1101 697 1149 uras,
712 1087 763 1143 abi.

72 1157 184 1228 Argento
194 1159 261 1228 parci
271 1161 480 1213 nulotobsonato
490 1162 611 1228 ampliter.
773 1155 808 1224 65

73 1233 137 1283 Nam
147 1235 205 1284 mihi
214 1236 296 1286 vicino
306 1237 354 1286 hoc
366 1237 439 1286 etiam
450 1248 574 1287 convento
585 1234 620 1286 est
629 1251 709 1304 opus,

72 1307 109 1359 Ut
120 1309 186 1376 quud
196 1310 306 1362 mandavi
319 1345 326 1372 ,
344 1323 422 1361 curet.

327 1384 518 1437 Ouum.

421 1458 506 1510 Iamne
523 1454 612 1510 abeo?

327 1531 511 1585 Sruuuuo.

683 1607 764 1665 Volo.

302 1679 509 1730 Cautiuus.

73 1748 163 1804 Tribus
175 1768 225 1806 non
236 1753 339 1803 conduci
349 1753 431 1820 possim
442 1752 594 1805 libertatibus
605 1787 613 1814 ,

74 1826 142 1892 Quin
154 1846 201 1897 ego
212 1828 258 1879 iilis
271 1828 345 1879 hodie
357 1844 495 1896 comparem
506 1846 619 1897 magnum
628 1829 716 1880 maium
727 1846 736 1891 ;

74 1900 191 1971 Quinque
207 1903 270 1954 hanc
287 1920 383 1955 omnem
393 1920 445 1955 rem
460 1919 522 1955 meae
538 1904 604 1955 herae
613 1902 663 1972 jam
679 1905 765 1955 faciam

59 2002 61 2005 ·
147 1978 244 2043 palam,
775 1983 813 2036 70

74 2048 205 2103 Manifestu
216 2064 291 2102 teneo
302 2053 326 2103 in
338 2068 400 2103 noxa
412 2051 523 2103 inimicos
533 2067 613 2104 meos.

75 2125 123 2175 Sed
135 2124 151 2174 fi
163 2144 226 2177 nunc
237 2127 319 2177 facere
330 2129 382 2178 volt
393 2128 451 2177 hera
463 2125 571 2177 officium
581 2128 667 2188 suum,

75 2197 164 2250 Nostra
175 2200 251 2251 omnis
263 2201 291 2251 lis
304 2201 336 2253 est
348 2218 355 2251 t
369 2200 470 2267 pulchri
481 2214 616 2267 praevortat
624 2202 691 2253 viros
704 2216 711 2253 ε

75 2272 166 2324 Nostro
178 2276 257 2325 omine
268 2276 287 2325 it
299 2276 349 2325 dies
362 2291 369 2324 :
381 2274 430 2341 jam
440 2270 620 2326 viui'vicimus.

76 2349 123 2399 lbo
134 2347 198 2399 intr&
210 2367 218 2409 3
231 2362 258 2399 ut
267 2350 291 2399 id
303 2384 310 2409 ,
325 2349 393 2417 quod
402 2349 462 2398 alius
474 2347 583 2398 condivit
594 2365 669 2399 cocus
680 2382 689 2409 ,
778 2355 811 2406 75

75 2422 130 2491 Ego
140 2440 203 2473 nunc
212 2422 309 2476 viciffim
316 2422 345 2473 'ut
354 2424 402 2474 alio
413 2422 483 2490 paiio
493 2421 605 2472 cundiam
618 2437 626 2473 a

76 2497 201 2565 Quicquid
211 2511 320 2566 paratum
331 2497 381 2557 est,
393 2510 420 2548 ut
430 2507 540 2565 paratum
551 2512 583 2545 ne
593 2494 636 2545 siet
647 2508 656 2545 t

77 2571 177 2641 Sietque
189 2574 212 2626 ei
222 2566 349 2643 paratum,
365 2572 430 2641 quod
441 2583 551 2641 paratum
559 2587 611 2623 nun
622 2579 685 2622 erat.
