2000 3650
230 317 310 410 154
383 305 760 390 Asrrvrnrr.
854 375 857 382 .

437 442 677 495 strennuus.

180 532 212 568 to
225 515 353 570 Adddne?

457 587 673 639 Danaorum
761 628 764 636 ,
849 628 853 637 .
931 631 935 638 .

357 661 427 714 Adde
440 677 448 712 ι
461 661 584 712 &scribas
596 695 603 719 ‚
615 660 670 710 vide
683 657 774 726 ,plane
785 658 811 713 δι
821 659 910 730 probe.

452 733 680 784 Pnunsr'rus.

125 834 128 839 ·
223 808 337 861 Alienum
346 807 469 858 hominem
480 808 624 858 intromittat
635 806 763 858 nerninem.

224 884 301 948 Quod
309 883 351 933 illa
359 895 401 932 aut
409 882 511 932 amicum
521 893 563 932 aut
572 881 699 948 pictonum
707 879 835 945 nominet,

223 956 275 1006 Aut
283 956 348 1024 quod
358 956 397 1005 illa
408 956 490 1006 amicae
501 955 548 1005 suae
557 966 688 1005 amatorem
697 955 824 1020 praedicet.

223 1030 309 1080 Foreis
320 1027 423 1081 o'cclusae
434 1028 544 1079 omnibus
554 1027 613 1080 srent
624 1062 632 1087 ,
650 1025 691 1078 nisi
701 1028 753 1079 tibi.
848 1082 851 1090 ‚

179 1110 209 1159 15
225 1104 354 1154 inionibus
366 1103 453 1153 scribat
464 1135 472 1161 ‚
492 1108 634 1167 occupatam
645 1100 692 1151 esse
703 1101 737 1151 se.

223 1173 835 1245 stucquodilladicatperegreallatamepistolam,

223 1250 263 1300 Ne
274 1250 372 1316 epistola
383 1248 479 1314 quidem
488 1249 537 1296 ulla
547 1247 574 1296 sut
584 1248 608 1296 in
619 1247 727 1305 cedibus,
793 1276 799 1285 ·

223 1324 278 1372 Nec
289 1335 370 1372 cerata
378 1319 440 1370 adei>
448 1321 529 1370 tabula
541 1336 548 1369 z
561 1320 587 1370 &
596 1319 613 1370 fi
621 1320 765 1388 qttajnutilis

224 1394 318 1445 Pisiura
328 1394 373 1453 fit,
389 1411 442 1444 eam
452 1392 543 1444 vendat
554 1409 561 1444 τ
575 1393 600 1443 ni
611 1394 738 1461 quatriduo

176 1475 210 1510 20
224 1468 373 1518 Abalienarit
384 1501 392 1527 ‚
411 1485 459 1534 quo
470 1469 512 1518 abs
522 1481 548 1518 te
558 1480 683 1535 argentum
693 1465 835 1533 acceperit,

224 1542 293 1591 Tuus
303 1543 429 1592 arbitratus
440 1541 467 1591 stt
477 1574 486 1601 ,
501 1543 626 1592 comburas
636 1575 644 1600 ,
659 1539 675 1590 sr
685 1541 756 1592 velis.

222 1615 262 1665 Ne
273 1615 309 1679 illi
318 1613 346 1665 srt
356 1632 413 1665 cera
423 1648 432 1675 ,
449 1616 490 1664 ubi
500 1615 583 1666 facere
593 1613 662 1680 possit
672 1614 776 1666 litteras.

221 1689 308 1741 Vocet
317 1689 443 1751 convivam
452 1689 573 1739 neminem
583 1689 623 1738 illa
634 1705 642 1746 ;
658 1700 685 1738 tu
696 1704 783 1740 voces.
827 1735 832 1742 .

223 1760 262 1811 nd
274 1760 358 1812 eoru'm
369 1779 400 1813 ne
411 1780 483 1831 quem
493 1764 579 1814 oculos
590 1761 687 1829 adjiciat
697 1761 763 1812 suos.

176 1840 209 1888 25
223 1835 248 1886 Si
258 1837 411 1903 quemalium
421 1837 513 1904 aspexit
525 1869 533 1896 ,
549 1853 614 1887 caeca
624 1833 738 1889 continud
748 1833 802 1889 fiet·

223 1908 319 1960 Tecum
328 1914 375 1961 uni
384 1911 466 1976 postea
475 1908 543 1976 aeque
553 1911 640 1975 pocula
651 1910 748 1975 potitet.

224 1982 275 2032 Ab:
285 1985 328 2033 ted
339 1984 441 2048 accipiat
452 2017 459 2041 ,
475 1983 520 2032 tibi
530 1982 661 2047 propinet,
676 1994 703 2031 tu
712 1982 789 2041 bibas.

224 2057 263 2108 Ne
275 2057 317 2107 itta
325 2057 401 2107 minus
413 2089 420 2115 ,
438 2068 479 2104 aut
489 2056 542 2118 plus
554 2057 623 2119 quim
632 2066 659 2103 tu
671 2086 679 2113 ,
697 2053 780 2120 sapiat.

460 2128 670 2179 Drnnocus.

465 2256 469 2263 ¹
652 2224 654 2231 2
740 2198 803 2251 Satis
816 2201 909 2267 placet.

367 2324 371 2332 ,
452 2272 677 2326 Pnnnsrrus.

223 2346 375 2415 Suspiciones
385 2364 470 2411 omnes
480 2351 522 2399 abs
533 2349 557 2399 se
568 2349 679 2417 segreget
690 2379 698 2407 ,

175 2433 209 2485 30
223 2423 310 2489 Neque
321 2424 382 2472 illaec
392 2423 434 2472 ulli
442 2424 505 2488 pede
516 2423 603 2489 pedem
613 2420 703 2471 homini
713 2432 815 2486 premat.
854 2436 857 2443 ’

224 2494 284 2544 Cum
294 2496 389 2564 surgat,
401 2498 483 2546 nonin
490 2496 577 2546 sessum
586 2496 707 2546 inscendat
716 2509 856 2560 proxumum
867 2510 877 2553 ;

222 2568 310 2633 Neque
322 2586 376 2619 cum
387 2569 516 2622 descendat
527 2602 536 2629 ,
547 2569 602 2621 iude
614 2570 656 2620 det
667 2568 776 2634 cuiquam
784 2582 888 2618 manum·

222 2640 382 2705 Spectandum
392 2658 423 2691 ne
435 2642 473 2692 cui
483 2644 596 2693 annulum
606 2642 665 2699 det,
679 2658 759 2706 neque
770 2650 852 2706 roget.
875 2694 879 2701 ,

222 2713 298 2764 Talos
309 2732 340 2764 ne
351 2716 561 2781 cuiquamhomini
570 2716 699 2765 admoveat
711 2748 718 2772 ,
737 2712 778 2763 nisa
788 2713 842 2765 tibi.

153 2791 155 2795 ’
174 2797 187 2850 3
194 2799 207 2848 5
224 2785 285 2838 Cum
294 2785 389 2855 jaciat,
406 2789 445 2841 Te
459 2806 492 2843 ne
501 2790 566 2841 dicat
578 2806 586 2844 a
597 2786 687 2843 nornen
697 2788 816 2842 nominet.
