2000 3650
163 305 331 391 Acws
362 300 452 387 III.
482 303 559 388 Sc,
589 305 678 390 III.
715 340 799 413 147

112 435 245 511 Agnelluin
256 458 262 491 ε
274 443 398 492 hoedillurn
403 459 442 491 me
451 454 518 491 tuum
527 442 563 491 dic
571 440 617 491 effe
625 444 666 492 vel
673 442 780 494 vitellum
789 461 796 496 ε

113 517 244 568 Prehende
254 516 380 573 auriculis,
393 533 505 580 compara
516 516 602 564 labella
614 533 667 566 cnm
677 517 780 570 labellis.

335 590 588 639 Aneuninnus.

111 664 177 714 Ten’
188 660 329 721 osculetur,
346 663 452 712 verbero
463 659 473 710 ἓ

366 735 553 791 Lanuini.

368 809 448 872 Qudm
457 807 518 858 verd
528 806 649 876 indignum
659 809 733 861 visum
744 811 777 862 est
789 811 796 861 i

111 881 191 949 Atqui
201 883 244 949 pol
252 881 326 931 hodie
336 899 386 931 non
397 882 476 941 feres,
486 883 510 931 ni
520 899 598 949 genua
608 885 780 937 confricantur.
813 885 847 938 80

331 954 584 1006 Anonninnus.

113 1027 221 1095 Quidvis
251 1026 342 1097 egestas
366 1030 469 1096 imperat
489 1045 496 1078 :
520 1029 659 1088 fricentur;
680 1031 710 1080 da
735 1048 799 1082 nunc

189 1101 255 1170 quod
270 1119 325 1152 oro.

341 1174 573 1226 Pnintuiun.

114 1247 171 1316 Age
179 1282 188 1307 ,
195 1248 227 1298 mi
235 1247 358 1309 Leonida,
369 1249 470 1299 obsecro
480 1251 518 1300 fer
526 1249 614 1299 amanti
621 1247 682 1300 hero
691 1249 799 1302 salntem.

113 1321 217 1373 Redime
234 1322 291 1371 istoc
306 1321 427 1372 beneficio
449 1336 476 1373 te
494 1323 524 1372 ab
550 1323 621 1382 hoc,
646 1323 800 1375 &tibicine

188 1396 252 1446 hunc
265 1394 308 1446 isto
318 1409 430 1465 argento.

365 1471 553 1522 Lnouinn.

114 1541 193 1593 Nimis
201 1542 265 1592 bella
274 1559 302 1595 es
309 1555 382 1611 atque
391 1545 496 1594 amabilis
505 1561 513 1595 ι
522 1545 546 1594 &
556 1543 628 1596 sihoc
638 1543 696 1596 ess'et
705 1562 800 1606 meum,

187 1616 260 1666 hodie
694 1641 696 1646 ,

114 1690 243 1756 Nunquam
257 1706 296 1740 me
312 1707 395 1743 orares
410 1690 467 1758 quin
483 1691 565 1741 darem
582 1707 588 1742 :
605 1692 671 1744 illum
686 1705 712 1744 te
728 1710 798 1745 orare

187 1763 294 1815 meliu'st.
812 1775 826 1827 8

114 1836 169 1886 iilic
178 1837 239 1886 hanc
248 1838 304 1887 mihi
312 1837 452 1888 servandam
462 1837 539 1889 dedit.
557 1839 568 1889 1
580 1838 633 1889 send
649 1840 713 1890 bella
724 1840 797 1892 belle.
831 1790 844 1841 ς

115 1909 184 1978 Cape
194 1911 242 1962 hoc
253 1944 261 1972 ,
279 1909 307 1963 fis
318 1946 326 1971 ‚
343 1912 444 1963 Libane.

328 1985 584 2036 Aneuninnus.

395 2059 505 2109 Furcifer
516 2084 524 2117 ς
543 2060 616 2109 etiam
626 2074 665 2109 rue
677 2056 776 2109 delufissi
787 2058 798 2110 ἓ

364 2132 552 2183 Leoniun.

114 2204 244 2272 Nunquam
253 2204 338 2256 hercle
348 2205 474 2264 facerem,
495 2222 575 2274 genua
589 2205 614 2256 ni
628 2217 677 2256 tam
686 2200 799 2275 nequiter

188 2279 297 2329 fricates.
876 2275 879 2281 ¹

115 2349 219 2420 Agesis,
236 2366 264 2401 tu
272 2353 296 2401 in
305 2363 399 2418 partem
407 2368 470 2402 nunc
479 2350 528 2421 jani
537 2354 601 2403 hune
611 2352 713 2415 delude,
725 2366 797 2422 atque

186 2426 249 2476 hanc
258 2427 404 2491 amplexare.

367 2499 543 2553 Linnuus.

113 2571 230 2632 Taceas,
247 2588 286 2623 me
298 2572 398 2639 speeies.
807 2591 842 2643 90

333 2645 587 2697 Anonntnnus.

261 2718 327 2783 Quin
338 2720 368 2768 nd
377 2722 457 2778 hunc,
469 2720 618 2779 Philenium‚
630 2718 795 2788 aggredimur,

115 2789 202 2847 Virum
217 2791 312 2858 quidem
322 2795 364 2860 pol
373 2805 497 2861 optumum
508 2827 516 2853 ,
537 2794 562 2845 ὅ(
573 2811 622 2845 non
632 2793 728 2844 fimilem
739 2794 797 2845 furis

185 2864 267 2933 hujus.
384 2926 388 2930 ‚
471 2920 474 2928 ,
540 2873 547 2883 ‘
671 2867 694 2917 N
706 2866 722 2933 ij
