2000 3650
221 369 389 453 Acws
421 367 458 453 I.
490 368 567 453 Sc.
598 355 662 454 Il.
724 381 810 473 245

123 504 205 554 Semel
214 504 321 574 fugiendi
331 505 347 556 sr
358 505 413 554 data
423 503 456 554 est
465 504 559 556 occatio
572 539 582 566 ,

122 577 185 628 Satis
195 578 228 628 est
242 593 248 628 ε
262 596 382 646 nunquam
391 578 442 646 post
453 579 517 628 illam
526 578 597 646 poffis
604 579 738 647 prendere«

359 649 562 704 Lonnnrum

122 723 221 775 Omnes
235 723 348 791 profetio
358 726 427 775 liberi
442 723 562 778 lubentiiu
822 732 856 775 10

121 797 208 850 Sumus
222 831 230 858 ,
248 801 319 866 quaint
332 798 454 850 servimus.

394 872 534 922 Hecto.

456 945 515 995 Non
527 944 609 996 vidire
619 943 652 996 ita
662 957 690 996 tu
700 943 805 1015 quidem.

357 1015 563 1069 [orantum

121 1089 207 1142 Sinon
220 1089 253 1142 est
264 1091 329 1160 quod
340 1091 410 1150 dem,
423 1107 493 1142 mene
504 1091 541 1143 vis
551 1093 606 1142 dem
615 1091 664 1159 ipse
674 1090 699 1144 in
707 1093 805 1160 pedes?

319 1185 321 1189 ’
394 1165 531 1216 Hecto.
633 1172 637 1192 ¹

121 1239 147 1288 Si
158 1237 252 1289 dederis
264 1272 272 1299 ,
287 1237 333 1289 erit
343 1239 467 1305 extemplo
477 1239 535 1288 mihi
547 1272 555 1298 ‚
574 1239 640 1306 qnod
650 1238 705 1289 dem
714 1238 769 1292 tibi.

355 1311 568 1363 Lounnrua

120 1383 182 1436 Avis
192 1402 230 1436 me
242 1384 299 1436 fere
313 1383 457 1436 consimilem
469 1387 572 1446 faciam,
587 1397 614 1434 ut
624 1385 753 1452 praedicat.

391 1458 416 1508 H
429 1473 531 1511 aare.

120 1532 157 1582 lta
167 1544 194 1582 ut
205 1531 272 1582 dicis.
285 1533 348 1582 Nam
359 1529 375 1580 fi
386 1531 445 1582 faxis
457 1567 464 1593 ,
478 1545 505 1584 te
514 1533 539 1584 in
549 1547 647 1584 caveam
657 1532 732 1584 ὀψο,
817 1537 848 1590 ¹5

119 1604 169 1657 Sed
179 1605 233 1657 satis
241 1607 371 1657 verborum
382 1605 414 1656 est
427 1622 434 1657 r
446 1622 502 1658 cura
512 1624 565 1674 quer
574 1604 644 1673 juffi,
655 1618 727 1674 atque
736 1605 783 1658 abi.

352 1679 576 1731 Ercnsrrus.

85 1759 89 1772 '
119 1749 198 1816 Quod
207 1768 253 1820 ego
263 1752 357 1818 quidem
368 1753 437 1803 nimis
447 1757 517 1820 quim
526 1753 598 1821 cupio
608 1764 635 1802 ut
643 1753 757 1819 impetret
767 1770 780 1813 ς

118 1826 182 1877 Nam
196 1826 220 1875 ni
229 1826 297 1875 iilum
303 1828 411 1894 recipit,
422 1826 480 1877 nihil
491 1825 524 1877 est
535 1823 631 1893 qutime
640 1827 766 1893 recipiam.

120 1900 194 1950 Nulla
203 1898 335 1965 juventutis
347 1900 379 1949 est
391 1900 443 1967 spes
456 1916 463 1951 τ
477 1900 501 1949 se
517 1900 540 1949 se
552 1915 635 1949 omnes
646 1912 735 1952 amant.

117 1974 164 2024 ille
175 1974 268 2023 demum
282 1974 384 2041 antiquis
400 1972 433 2023 eii
444 1972 583 2023 adolescens
594 1971 698 2022 moribus
711 1988 719 2023 ι
811 1982 847 2019 20

118 2046 195 2115 Cujus
206 2064 326 2115 nunquam
334 2049 428 2097 voltum
438 2045 592 2115 tranquillavi
601 2045 692 2113 gratiis.

117 2119 246 2190 condigni
259 2118 292 2171 est
303 2134 373 2189 pater
384 2119 437 2187 ejus
450 2133 556 2171 moratus
571 2119 687 2195 metibus.

388 2194 487 2247 Htor
500 2207 530 2246 σ.

117 2266 171 2336 Ego
182 2268 222 2319 ibo
234 2266 371 2318 adiratrem
383 2302 389 2327 ,
409 2269 439 2319 ad
449 2270 509 2320 alios
520 2265 628 2336 captivos
639 2282 707 2319 meos
718 2283 727 2319 t

117 2342 200 2392 Visam
211 2358 241 2393 ne
253 2341 322 2393 noire
334 2342 378 2391 hac
391 2344 511 2411 quippiam
520 2342 679 2393 turbaverint.

117 2416 178 2470 Inde
189 2432 227 2465 me
242 2412 357 2485 centinrri
368 2416 481 2483 recipiam
491 2415 583 2467 rursum
594 2414 699 2464 domum.
813 2425 847 2474 25

297 2531 300 2535 ,
345 2488 572 2541 Euensrrus.

23 2602 28 2611 .
115 2558 193 2631 AEgre
204 2560 238 2613 est
247 2560 303 2613 mihi
315 2595 322 2621 ,
336 2562 401 2613 hunc
411 2564 492 2615 facere
503 2562 615 2631 quaestum
625 2559 799 2621 carcerarium,

115 2635 220 2703 Propter
230 2634 264 2686 sui
275 2637 341 2704 gnati
352 2637 466 2687 miseriam
478 2670 486 2697 ,
505 2636 615 2687 miserum
625 2634 716 2686 senem.

116 2710 166 2760 Sed
176 2706 193 2759 st
203 2710 253 2759 ullo
264 2710 334 2775 patto
343 2710 384 2760 ille
394 2710 441 2759 huc
453 2709 575 2769 conciliari
584 2707 663 2776 potest
673 2741 681 2768 ,

115 2784 167 2842 Vel
178 2782 347 2836 carnuficinam
357 2784 421 2834 hune
431 2783 514 2853 iacere
524 2781 616 2851 poiitun
627 2780 733 2848 perpeti.
797 2794 801 2799 ·

663 2925 728 2992 xrs,
