2000 3650
111 1081 729 1206 PROLOGUS.

79 1251 138 1366 SA
147 1329 163 1363 n
172 1331 191 1368 v
200 1329 243 1368 nn
253 1329 268 1368 e
280 1315 355 1385 jubeo
365 1313 512 1384 speetatores
524 1327 655 1384 optumos,

78 1406 162 1462 fidem
173 1407 214 1476 qui
224 1409 302 1462 facitis
312 1410 415 1462 maxumi
425 1427 434 1470 3
453 1410 479 1462 &
490 1427 536 1461 vos
547 1411 629 1464 Fides.

78 1503 105 1556 Si
114 1519 199 1554 vetum
209 1501 275 1564 dixi,
293 1503 382 1572 {ignum
393 1505 483 1555 clarum
494 1505 551 1556 dete
562 1504 638 1567 mihi,

78 1599 115 1650 Ut
122 1615 167 1650 vos
178 1598 235 1648 mihi
244 1597 290 1649 effe
299 1615 382 1670 aequos
391 1597 439 1666 jam
449 1598 505 1649 inde
516 1598 658 1666 aprincipio
667 1599 748 1657 seiam.

78 1691 131 1759 Qui
141 1703 241 1744 utuntur
251 1695 309 1748 vino
319 1707 425 1754 vetere,
442 1693 563 1760 sapientes
572 1703 652 1758 puto,
780 1707 794 1758 5

80 1785 112 1838 Et
121 1786 161 1856 qui
170 1787 275 1839 libenter
283 1798 382 1841 veteres
393 1787 499 1855 spernant
509 1786 611 1839 fabulas.

79 1880 186 1947 Antiqua
194 1896 271 1947 opera
280 1880 306 1932 &
315 1884 390 1934 verba
401 1900 474 1952 quom
482 1879 553 1933 vobis
562 1882 677 1945 placent.

80 1969 188 2041 AEquom
198 1974 295 2041 placete
307 1975 341 2026 est
353 1988 409 2027 ante
420 1988 520 2028 veteres
531 1972 633 2023 fabulo.

80 2066 161 2125 Nam,
178 2082 242 2119 nunc
253 2084 324 2120 novae
335 2087 389 2137 quae
402 2070 544 2137 prodeunt,
561 2065 706 2129 eomoediae,

80 2158 164 2217 Multi>
174 2160 227 2211 sunt
236 2162 385 2229 nequiores,
404 2167 474 2232 quim
485 2159 574 2213 nummi
583 2159 651 2211 novi.
664 2155 673 2161 ’
782 2174 815 2215 10

81 2255 135 2309 Nos
146 2254 267 2323 postquam
278 2256 363 2324 popuii
372 2272 494 2306 rumorem
504 2255 686 2316 intelleximus,

81 2348 195 2400 Studiose
203 2364 321 2417 expetere
332 2364 378 2399 vos
390 2345 513 2397 Plautinas
529 2348 642 2408 fabulas,

82 2442 214 2509 Antiquam
225 2441 278 2511 ejus
289 2442 381 2494 edimus
391 2438 552 2501 comoediam,

83 2532 165 2599 Quam
173 2550 218 2584 vos
229 2536 343 2602 probastis
353 2568 361 2595 ,
373 2535 414 2601 qui
425 2531 478 2584 estis
489 2533 516 2583 in
526 2531 658 2583 senioribus
670 2546 679 2588 ς

84 2630 148 2683 Nam
156 2628 278 2696 juniorum
289 2629 329 2697 qui
339 2630 391 2680 sunt
403 2663 411 2689 ,
429 2645 478 2679 non
488 2637 598 2686 norunt,
614 2624 675 2676 scio.
787 2612 822 2691 15⁴

86 2722 181 2777 Verum
190 2736 218 2773 ut
229 2724 393 2792 cognoscent,
411 2722 519 2775 dabimus
531 2735 631 2786 operam
642 2707 736 2778 seduli,
844 2778 850 2786 Ι

88 2818 234 2889 Haecquom
244 2818 345 2888 primum
355 2816 406 2873 aaa
416 2814 467 2883 est,
484 2815 636 2871 vicitonoes
643 2814 746 2870 fabulas·
