2000 3650
85 346 267 432 Acwr
300 322 363 428 H.
396 340 429 424 S
436 372 473 426 c.
507 283 593 431 Ill.
638 374 726 458 339

261 478 510 536 Pumnnomua

108 556 152 608 Ita
159 571 199 606 me
208 554 296 624 amabit
303 587 311 614 ,
323 572 393 622 quam
401 573 447 626 ego
454 574 526 618 amo,
538 574 565 610 ut
574 577 622 628 ego
631 561 693 612 haud

310 688 314 697 ,
415 687 420 694 ,
614 650 729 690 mentior.

18 707 78 761 Sed
91 702 148 776 qud
159 715 186 755 te
196 701 262 762 mffi,
277 702 352 769 nihilo
363 702 412 753 sum
422 705 522 763 certior.

280 775 491 830 concurro

569 855 637 907 Nihil
649 858 730 914 attuli.

261 921 511 978 Puffiunomuu

21 997 245 1056 Perdidiffimeo.

278 1071 487 1124 Cuncuuo.

207 1145 319 1196 Invenire
330 1147 431 1212 poffim,
449 1147 534 1199 fimihi
548 1165 646 1216 operam
661 1151 731 1204 datis.

23 1223 170 1290 Postquam
177 1231 221 1268 tuo
229 1218 287 1283 juffu
295 1219 417 1286 profestus
424 1223 587 1290 sumperyeni
595 1226 619 1274 in
627 1225 730 1276 Cariam.
746 1241 779 1289 50

23 1300 121 1350 Video
130 1308 202 1344 tuum
211 1293 325 1353 sodalem,
331 1297 426 1362 argenti
432 1314 497 1364 rogo
504 1297 538 1348 uti
546 1299 619 1349 faciat
627 1300 731 1365 copiam.

24 1374 118 1423 Scires
130 1369 200 1418 velle
212 1367 311 1436 gratiam
320 1381 385 1418 tuam
396 1388 405 1428 ς
423 1372 502 1421 noluit
513 1373 646 1424 frustrarier
659 1391 666 1423 :

24 1448 65 1499 Ut
86 1446 169 1494 decet
185 1443 250 1490 velle
267 1443 390 1494 hominem
408 1446 510 1496 amicum
529 1448 607 1498 amico
625 1482 632 1506 ,
659 1463 732 1516 atque

110 1515 258 1584 opitularier
273 1532 280 1566 :

25 1591 178 1660 Respondit
187 1589 244 1638 mihi
253 1590 333 1655 paucis
345 1591 424 1642 verbis
434 1626 441 1650 ,
455 1605 530 1659 atque
538 1593 600 1644 aded
609 1594 713 1646 fideliter
724 1632 730 1652 ,

28 1667 116 1735 Quod
123 1664 171 1715 tibi
180 1651 283 1723 estatem
291 1663 331 1714 fibi
340 1665 387 1714 eise
397 1684 506 1732 magnam
513 1670 608 1735 argenti
615 1671 729 1736 inopiam.
746 1689 759 1738 5
765 1688 777 1737 5

259 1737 512 1790 Pnanaonua
599 1768 604 1804 5

29 1814 125 1868 Perdis
137 1828 178 1865 me
190 1812 236 1863 tuis
247 1812 323 1863 ditiis.

280 1885 495 1936 Cuncunro.
550 1906 552 1913 ·

250 1972 255 1975 “
325 1956 378 2010 Imd
387 1960 459 2014 servo
471 1995 478 2020 ,
493 1960 518 2009 ὃ(
530 1959 651 2011 servatum
661 1963 732 2015 volo.

30 2038 170 2105 Postquam
180 2032 237 2084 mihi
247 2034 384 2101 responsum
395 2034 447 2095 est,
466 2036 529 2085 abeo
544 2036 572 2084 ab
584 2037 625 2085 illo
637 2036 732 2086 moestus

112 2110 146 2159 ad
160 2110 239 2159 forum

31 2188 80 2237 Me
93 2186 142 2234 iilo
152 2183 235 2233 frustra
247 2181 377 2236 advenisse.
389 2184 465 2233 forte
475 2183 564 2250 aspicio
574 2185 673 2235 militem
685 2201 692 2235 t

32 2256 181 2329 Aggredior
190 2257 312 2307 hominem
325 2273 332 2307 z
345 2258 421 2307 saluto
431 2258 572 2309 adveniens.
584 2258 656 2309 Salve
668 2293 676 2318 ‚
694 2260 731 2308 in·

113 2331 186 2399 quit,
203 2331 283 2389 mihi,

35 2404 177 2458 Prehendit
194 2406 322 2463 dextram,
341 2404 451 2461 seducit,
471 2415 544 2471 rogat
562 2404 617 2471 quid
636 2404 731 2455 veniam

115 2478 222 2530 Cariam.
422 2502 426 2507 ·
574 2478 581 2491 '
743 2490 777 2542 60

36 2556 108 2605 Dico
127 2570 166 2603 me
182 2550 225 2603 illd
240 2550 375 2611 advenisse,
394 2551 464 2602 animi
481 2550 568 2603 caussa.
586 2551 622 2603 lbi
638 2568 677 2603 me
693 2551 731 2602 in·

115 2638 227 2695 terrogat
269 2652 272 2656 ¹

37 2704 153 2770 Ecquem
163 2701 186 2751 in
197 2701 318 2767 Epidauro
325 2700 450 2768 Lyconem
459 2702 601 2767 trapezitam
609 2698 731 2751 noverim?

38 2778 110 2828 Dico
130 2792 170 2825 me
187 2773 289 2825 noviffe.
314 2774 381 2839 Quid
397 2775 511 2825 lenonem
530 2775 700 2843 Cappadocem
721 2773 732 2825 i

117 2867 199 2900 annuo

588 2919 659 2987 nrrj
754 2983 757 2987 ,
