2000 3650
127 306 295 389 Acrur
337 302 389 387 V.
416 303 493 388 Sc.
523 301 609 387 IV.
662 328 753 412 309

305 440 520 492 Truoaauu

254 515 308 582 Ego
318 514 407 579 edepol
418 515 527 564 meritam
536 517 674 568 mercedem
685 518 758 571 dabo.

69 591 122 644 Sed
134 590 172 641 dic
182 605 228 641 oro
241 605 248 639 r
262 587 335 640 Pater
344 604 411 652 meus
421 599 479 638 tune
491 586 541 640 es?

250 719 256 724 ,
345 659 532 714 Heme).¹⁴

482 736 535 804 Ego
546 736 614 798 sum,
633 752 705 808 guare
716 717 757 792 mi.

300 808 522 860 Trunauuu

71 888 147 937 Nunc
161 885 257 934 demum
271 883 295 934 in
309 884 448 933 memoriam
464 883 541 933 redeo
553 917 561 943 ‚
578 901 652 951 quom
665 903 760 937 merum

149 959 251 1026 cogito,
624 1019 627 1024 Ι
773 972 807 1023 25

73 1035 148 1082 Nunc
161 1032 250 1096 edepol
260 1031 356 1082 demum
365 1030 390 1080 in
400 1031 541 1082 memoriam
551 1031 678 1100 regredior
689 1067 697 1093 ,
717 1049 761 1082 ru-

149 1104 204 1154 disse
216 1121 254 1153 me
512 1149 519 1162 ,

74 1177 149 1242 Quasi
157 1196 200 1244 per
208 1179 319 1229 nebulam
326 1178 464 1245 Hegionem
473 1190 568 1245 patrem
576 1195 656 1230 meum
663 1179 785 1231 vocarier.

328 1268 330 1274 ·
351 1251 446 1304 Heer
458 1265 488 1304 ο.
813 1262 828 1271 ‘'

36 1323 42 1338 '
74 1327 132 1394 Ego
147 1327 207 1378 siun.

182 1459 185 1466 ,
278 1399 557 1454 Puruocearru

197 1473 361 1540 Compedibus
373 1475 452 1542 quaeso
462 1488 490 1527 ut
501 1477 546 1526 tibi
555 1474 582 1526 srt
592 1474 671 1528 levior
680 1473 742 1527 filius
754 1509 764 1536 ,

74 1547 159 1616 Atque
169 1549 208 1598 hic
220 1549 317 1616 gravior
328 1550 419 1602 servos.

297 1676 299 1680 ,
348 1622 372 1671 Η
381 1636 396 1671 e
406 1635 442 1675 or
453 1636 481 1673 o.

270 1695 370 1745 Certum
382 1697 415 1746 est
426 1696 567 1761 principium
577 1696 602 1744 id
612 1696 764 1761 praevortier.

75 1768 165 1820 Eamus
175 1765 237 1819 intrd
248 1804 256 1829 ,
267 1781 294 1818 ut
304 1767 433 1818 arcessatur
442 1767 509 1818 babet
521 1785 528 1817 :
538 1781 565 1817 ut
572 1765 626 1819 istas
635 1769 765 1835 compedes
779 1786 814 1839 30

76 1844 136 1896 Tibi
147 1845 247 1896 adimam
259 1878 265 1903 ‚
286 1842 342 1893 huic
355 1842 419 1894 dem.

304 1918 346 1966 Sr
354 1931 372 1966 Α
382 1931 397 1964 ι
407 1930 424 1966 Α
434 1924 482 1964 Gru
492 1930 542 1965 us.

299 1990 346 2058 Cui
356 1990 445 2057 peculii
456 1989 515 2041 nihil
525 1987 559 2039 est
570 2022 580 2049 ,
591 1984 658 2040 reei'e
668 1986 769 2038 feceris.
