2000 3650
127 364 295 449 Acws
327 360 417 451 III.
448 365 525 453 Sc.
556 361 640 452 IV.
680 393 769 474 273

83 499 182 570 Proque
197 501 282 570 ignoto
297 518 337 553 mo
353 502 492 570 aspernari,
514 503 579 571 quoii
593 521 631 557 me
648 523 768 574 nunquam

157 573 278 626 noveris?
780 587 813 624 ιο
883 599 888 606 ·

81 648 202 715 Equidem
210 661 258 700 iam
271 648 320 699 sum
330 646 412 702 servos
423 684 430 710 ‚
446 653 554 718 quinutu
566 666 575 702 t
585 650 628 702 etfi
643 667 691 721 ego
703 652 767 704 domi

155 722 217 772 liber
230 721 283 782 fui,
678 730 682 736 '

80 793 123 846 Tu
136 796 210 864 usque
220 812 234 844 a
247 812 325 863 puero
335 793 473 846 servitutem
484 797 596 848 servivisti
610 795 635 848 in
645 798 727 850 Alide.

353 867 429 920 Huc
439 887 449 919 1
458 884 487 921 o.

72 943 178 1010 -Edepol
186 941 281 993 minimi
289 942 376 1001 miror,
385 940 435 992 site
443 943 545 1011 fugitat,
554 956 596 994 aut
605 946 690 994 oculos
697 957 763 1006 mox,

80 1015 133 1069 Aut
147 1016 163 1068 fi
177 1029 203 1066 te
218 1017 286 1076 odit,
305 1015 347 1084 qui
361 1016 429 1066 istum
441 1018 551 1084 appelles
564 1017 705 1086 Tyndarum
718 1035 763 1085 pto

154 1089 301 1142 Philocrate.

313 1162 530 1216 Tuuouuuo

79 1237 162 1306 Hegio
174 1268 182 1297 ‚
199 1235 239 1288 hic
252 1235 327 1287 homo
337 1236 443 1287 rabiosus
453 1237 548 1288 habitus
560 1236 594 1288 est
604 1237 630 1287 in
645 1237 727 1289 Alide.
778 1243 808 1294 15

78 1312 119 1362 Ne
130 1324 175 1371 tu,
190 1309 255 1379 quod
264 1307 314 1360 istic
324 1310 462 1371 fabuletur,
476 1309 556 1362 aureis
565 1311 679 1361 immittas
687 1323 750 1364 tuas.

78 1385 143 1436 Nam
162 1384 212 1435 istic
231 1382 301 1436 hastis
320 1383 447 1436 instetutus
467 1384 502 1437 est
525 1384 590 1436 domi
609 1397 711 1436 matrem
737 1385 764 1438 &

151 1470 255 1524 patrem.
334 1465 339 1471 ‘

78 1531 111 1583 Et
119 1531 168 1588 illic
177 1532 212 1582 isti
222 1565 229 1591 ,
241 1532 280 1599 qui
289 1531 396 1599 sputum
406 1565 414 1593 ,
425 1533 523 1584 morbus
532 1531 652 1584 interdum
660 1532 737 1584 veuit.

78 1605 159 1658 Ptoin'
169 1619 196 1658 tu
209 1607 238 1658 ab
248 1607 306 1658 istoc
317 1608 403 1674 procul
414 1606 526 1658 recedas.

350 1679 443 1730 Huoi
454 1693 484 1730 ο.

412 1753 485 1802 Ultro
496 1752 563 1820 istum
572 1771 587 1803 a
597 1770 646 1804 me.

310 1826 530 1877 Tiuouuuo

196 1948 198 1951 ,
584 1900 640 1950 Ain’
656 1900 762 1950 verbero

76 1977 122 2029 Me
136 1972 256 2027 tabiosum
269 1970 280 2026 i
297 1986 371 2043 atque
384 1972 524 2027 inseiiatum
537 1968 584 2026 effe
600 1972 669 2024 hastis
682 1989 762 2023 meum

149 2065 268 2100 memoras
283 2045 398 2116 patrem?
773 2064 806 2101 20

77 2125 109 2177 Et
124 2141 179 2175 eum
193 2124 302 2173 morbum
314 2123 371 2175 mihi
382 2121 446 2182 effe,
464 2133 491 2175 ut
504 2119 545 2191 qui
557 2136 595 2175 me
608 2137 669 2188 opus
680 2118 709 2171 fit
722 2118 760 2171 in·

149 2196 274 2267 sputariet.
686 2238 700 2267 χ

346 2268 420 2321 Huo
430 2284 440 2320 1
450 2283 481 2322 o.

75 2348 116 2399 Ne
131 2362 219 2398 verere
229 2362 238 2398 t
250 2345 339 2397 multos
349 2342 390 2393 iste
405 2345 502 2395 morbus
512 2342 622 2395 homiues
634 2354 758 2402 macerat,

75 2420 171 2487 Quibus
181 2418 294 2487 insputari
305 2417 373 2467 saluti
385 2416 440 2467 fuit.

308 2489 524 2541 Tuuouuuo

492 2562 576 2629 Atque
586 2559 647 2612 Aliis
656 2559 758 2626 profuit.

252 2640 581 2692 Auiouoiuoms.

74 2712 143 2785 Quid
152 2728 180 2771 tu
190 2729 289 2776 autem,
305 2715 377 2766 etium
387 2711 443 2765 huic
455 2706 555 2763 credis?

347 2786 373 2839 H
383 2796 425 2835 ue
435 2801 445 2835 1
455 2798 485 2837 o.

356 2859 424 2927 Quid
433 2874 481 2929 ego
491 2856 589 2911 credam
597 2852 676 2910 huie?
