2000 3650
170 351 339 434 AcTus
371 347 410 435 I.
440 349 517 434 Sc.
550 346 614 433 Il.
673 361 765 458 457

81 483 155 550 Quod
166 486 229 553 laepe
239 503 334 538 mecum
343 487 491 542 mentionem
502 485 609 546 fecerit,
750 541 754 546 ,
780 502 810 552 15

81 559 183 610 Puerum
196 572 237 610 aut
247 563 351 627 puellam
360 559 471 610 alicunde
483 572 510 610 ut
518 560 651 626 reperirem
660 559 720 624 fibi,

80 632 176 684 Recens
187 647 268 690 natum
279 635 350 700 eapse
362 635 427 701 quod
437 632 478 684 fibi
488 635 646 701 supponeret.

81 706 129 756 Ubi
142 707 199 760 mihi
208 705 311 774 potessas
322 705 422 774 primum
433 708 514 760 evenit
525 741 533 767 ‚
552 708 620 759 illico

80 778 137 830 Feci
148 779 200 847 ejus
211 782 251 840 ei,
265 783 330 848 quod
341 797 379 834 me
393 782 472 848 oravit
482 815 490 838 ,
505 781 608 846 copiam,

81 851 205 921 Postquam
214 856 319 921 puellam
330 871 456 904 eamame
466 853 656 920 accepit,illieo
777 873 813 912 20

81 927 187 982 Eandem
197 929 301 995 puellam
312 929 408 994 peperit
419 961 426 986 ,
442 945 513 994 quam
523 945 538 976 a
548 945 586 978 me
597 942 745 995 acceperat,

80 1001 136 1051 Sine
150 999 283 1056 obstetricis
294 1018 389 1068 opera,
408 999 492 1052 &fine
504 1001 627 1053 doloribus
639 1034 647 1061 ,

18 1119 22 1123 .
80 1073 142 1126 Item
151 1087 178 1126 ut
188 1075 241 1125 aliae
251 1073 347 1142 pariunt
358 1108 366 1133 ‚
385 1091 438 1142 quae
449 1076 537 1124 malurn
546 1088 657 1140 quaerunt
666 1075 719 1129 fibi.

79 1147 141 1200 Nam
152 1161 283 1200 amatorem
293 1149 374 1200 aiebat
383 1146 431 1198 else
441 1148 595 1216 peregrinum
605 1147 667 1199 fibi:

80 1219 272 1288 suppositionem
285 1221 338 1288 ejus
347 1222 385 1272 rei
395 1222 476 1272 facete
488 1220 573 1289 gratia.
778 1241 794 1281 2
799 1243 812 1292 5

79 1294 108 1348 ld
116 1295 171 1346 duae
182 1311 226 1346 nos
238 1295 293 1354 lolae
305 1295 389 1354 scimus
401 1313 410 1354 ς
430 1312 477 1362 ego
488 1313 542 1362 quae
553 1294 588 1345 illi
598 1294 674 1355 dedi,

81 1368 113 1418 Et
122 1369 162 1418 illa
173 1401 181 1427 ‚
201 1386 253 1436 quae
264 1383 279 1426 p
290 1387 328 1420 me
338 1367 434 1435 accepit
447 1385 453 1420 ε
466 1381 556 1436 praeter
565 1386 611 1420 vos
622 1369 729 1437 quidem.

79 1441 141 1492 Haec
150 1440 181 1492 fic
192 1459 231 1492 res
242 1441 305 1510 gella
316 1441 357 1492 est.
371 1442 458 1510 Siquis
468 1443 523 1494 usus
533 1443 629 1493 venerit
641 1477 649 1502 ,

79 1513 213 1572 Meminiffe
220 1533 269 1585 ego
275 1516 336 1593 lianc
342 1533 394 1568 rem
400 1533 445 1574 vos
451 1516 582 1585 volango
588 1517 651 1569 abeo
657 1518 765 1572 domum.

95 1681 766 1732 m

177 1795 684 1941 Acuuslj

221 2032 456 2127 senua
515 2031 622 2124 [η.

160 2205 415 2311 nummum.
452 2229 693 2289 ammaus,

80 2335 160 2453 UT
169 2410 300 2459 unqu
310 2413 326 2453 Ε
337 2400 406 2459 haec,
418 2398 444 2450 δι
455 2398 596 2468 multiloqua
606 2396 634 2451 ὃ(
644 2394 767 2449 multibiba

154 2470 192 2529 est,
200 2486 268 2528 onum

80 2544 165 2597 Satine
177 2545 217 2598 vix
227 2546 325 2615 reliquit
333 2546 392 2603 Deo
404 2580 411 2605 ‚
427 2546 492 2615 quod
500 2548 661 2613 loquetetur,
677 2541 748 2603 loci?

80 2618 121 2671 Ita
133 2622 274 2687 properavit
285 2621 315 2673 de
328 2623 415 2687 puellae
429 2621 543 2687 proloqui

82 2692 261 2759 suppositione.
274 2694 349 2758 Quod
359 2693 375 2743 fi
385 2693 493 2750 meaullet
504 2728 512 2753 ,
530 2707 613 2746 tamen

82 2766 138 2834 Ego
149 2784 215 2817 eram
226 2766 329 2819 dillurus
341 2768 411 2819 Deus
422 2802 430 2827 ,
448 2768 488 2835 qui
497 2780 607 2833 poteram
617 2763 719 2834 planicie.
778 2778 792 2830 5

83 2840 148 2891 Nam
157 2840 213 2899 mihi
223 2842 256 2891 est
264 2842 363 2901 Auxilio
372 2858 470 2896 nomen.
481 2842 554 2899 Nunc
564 2858 662 2910 operam
672 2840 728 2893 date
739 2871 748 2898 ι

123 2908 204 2975 Tom.
224 2909 251 2974 I.
623 2910 687 3005 Qq
745 2922 749 2925 ’
