2000 3650
131 325 332 409 -Acw‘s
362 323 426 411 II.
457 324 535 410 Sc.
565 323 630 412 II.
687 361 751 434 47

295 463 518 514 Ateuurun.

49 533 163 586 Obsecro
176 537 297 596 ecastor,
316 536 373 604 quid
382 550 410 585 tu
419 552 458 584 me
470 535 593 586 deridiculi
602 535 679 604 gratia
764 547 797 596 50

53 611 88 658 Sic
98 609 191 660 salutas
200 609 213 659 ἓ
223 626 297 677 atque
307 608 484 676 appellatquasi
494 610 582 663 dudum
590 627 639 660 non
646 607 750 660 videris?

54 682 175 750 Quasique
187 701 258 734 nunc
273 685 376 752 primum
391 682 493 748 recipias
508 695 534 734 te
549 684 645 734 domum
661 685 707 733 huc
719 701 750 736 ex

121 755 258 808 hostibus?
784 751 789 758 ⁴

56 828 132 896 Atque
144 847 187 880 me
200 848 269 881 nunc
279 829 381 897 proinde
392 829 498 897 appellas
509 861 518 889 ‚
537 827 600 898 quad
609 831 685 882 multo
696 828 748 898 post

122 902 248 956 videris?

284 975 523 1027 Amrurnuo.

60 1044 105 1100 lnd
123 1049 242 1116 equidem
257 1063 305 1109 te,
324 1048 365 1100 nili
378 1066 441 1099 nunc
459 1049 552 1111 hodie,
569 1049 683 1120 nusquam
698 1047 748 1103 vidi

125 1137 249 1190 gentium.

294 1194 514 1247 Aucuurrru.

61 1264 215 1339 Curnegas?
760 1279 792 1332 55

284 1341 524 1394 Aururruuo·

233 1414 299 1482 Quia
309 1433 368 1465 vera
378 1416 450 1467 didici
462 1417 555 1466 dicere·

290 1489 513 1540 Aucumuun.

482 1561 554 1611 Haud
564 1577 658 1628 equom
668 1559 744 1622 facit,

66 1632 108 1698 Qui
118 1635 182 1703 quod
193 1630 294 1696 didicit,
312 1633 337 1684 id
347 1633 454 1684 dediscit.
467 1633 506 1684 An
516 1635 682 1700 periclitamini

66 1707 125 1772 Quid
134 1709 206 1760 animi
216 1711 319 1760 habeam
330 1706 341 1758 i
358 1708 400 1759 sed
413 1707 470 1774 quid
483 1709 531 1758 huc
541 1725 585 1759 vos
595 1706 744 1758 revortimini

128 1794 176 1834 tam
188 1781 239 1833 citu
251 1779 262 1832 i

68 1853 101 1905 An
114 1868 137 1906 te
154 1852 287 1922 auspicium
304 1851 550 1907 commoratum'elli
569 1868 600 1903 an
617 1852 744 1919 tempestae

129 1928 264 1980 continet?
375 1939 378 1949 ¹

70 1999 111 2065 Qui
119 2020 165 2053 non
176 2002 252 2055 abiisti
262 2002 292 2053 ad
301 1998 428 2069 legiones,
440 2001 473 2052 ita
484 2000 521 2051 uti
531 2000 620 2051 dudum
630 1994 745 2051 &eracl
782 2012 789 2020 ·

279 2074 522 2126 Amrurrnuo.

69 2144 155 2199 Dudum
167 2148 174 2200 l
189 2145 260 2217 quam
271 2150 359 2222 dudum
369 2148 426 2198 istuc
437 2148 523 2198 sallum
533 2142 588 2197 est?
754 2150 790 2205 60

291 2216 509 2272 Au'cu'urun.
608 2216 611 2221 ’

229 2294 323 2346 Tentat
335 2312 344 2355 ;
361 2295 408 2361 jam
419 2294 524 2352 dudum,
535 2292 645 2361 pridem,
657 2292 741 2346 medd.

277 2368 520 2419 Amrnrrnuo.
579 2401 582 2405 »

74 2439 112 2507 Qui
118 2441 174 2493 illuc
182 2441 246 2515 petis
253 2442 287 2493 est
293 2441 360 2504 fieri,
370 2442 449 2509 queso
456 2474 465 2501 ,
472 2454 499 2491 ut
506 2440 576 2499 dicis,
582 2439 631 2507 jam
638 2440 726 2490 dudum
732 2473 741 2500 ‚

131 2514 226 2567 modu?
257 2510 260 2517 ’

289 2586 506 2644 Acaunum.
568 2578 571 2585 ’

75 2659 129 2726 Quid
144 2660 205 2712 enim
220 2660 323 2713 censes?
340 2674 366 2712 te
377 2674 404 2712 ut
418 2662 529 2713 deludam
539 2672 623 2712 contra
637 2660 741 2713 lusorem

134 2752 228 2793 meum,

77 2805 181 2871 Quinum
192 2806 291 2931 pripdm
300 2820 326 2860 te
334 2806 453 2861 ndreuiile
461 2807 541 2868 dicas,
552 2806 625 2860 modd
634 2808 675 2876 qui
683 2808 741 2859 hinc
807 2799 809 2804 ’

135 2880 216 2933 abierit
