2000 3650
107 307 278 394 Acws
309 268 507 394 mssc.
540 305 620 394 IV.
674 323 734 419 69

57 439 104 506 Qui
114 461 153 496 me
162 445 363 512 Amphitruonem
372 459 456 499 rentur
466 445 513 498 effe
523 463 531 497 τ
542 460 623 500 errent
631 449 718 516 probe.
749 467 784 506 πο

56 517 125 567 Nunc
139 532 165 570 tu
178 520 260 570 divine
275 521 313 570 fac
328 522 375 571 huc
389 519 441 570 aisis
455 518 528 570 Sofia.

57 588 127 642 dudis
137 609 188 659 quae
197 594 269 652 dico,
282 593 374 646 tametsi
383 593 485 659 praesens
494 610 543 643 non
551 593 609 646 adet
618 609 627 644 t

57 663 100 713 fac
109 664 310 731 Amphitruonem
319 669 368 717 huc
380 666 548 717 advenientem
557 669 586 716 ab
597 667 688 722 aedibus

58 737 88 786 Ut
95 738 174 805 abigas
185 740 272 806 quovis
281 741 351 806 padio
361 775 368 799 ‚
387 740 426 790 fac
436 752 583 790 commentus
590 738 645 793 fies.

57 810 118 861 Volo
128 812 209 862 deludi
219 814 286 862 illum
297 847 304 871 ‚
324 815 379 863 dum
388 829 442 863 cum
451 813 497 862 hac
506 813 611 863 usuraria
747 822 780 874 ²5

58 883 135 934 Uxore
145 901 209 935 nunc
219 886 277 935 mihi
287 887 418 954 morigero.
437 885 498 936 Haec
511 899 590 936 curata
601 884 663 945 sint,

56 956 99 1006 fac
107 957 135 1009 fis
144 959 244 1023 perinde
253 957 315 1010 oded
327 992 335 1017 ‚
352 971 380 1009 ut
388 976 426 1011 me
435 961 499 1010 velle
508 960 622 1027 intelligis
631 976 639 1010 c

57 1029 131 1098 Atque
143 1044 171 1082 ut
183 1031 298 1084 ministres
307 1033 381 1092 mihi,
398 1049 470 1099 quom
484 1032 542 1082 mihi
550 1030 696 1084 sanuficen.

64 1230 725 1250 Ἥ

122 1357 457 1453 ACTUS
516 1360 662 1453 III·

167 1549 448 1652 SCENA
505 1550 611 1641 IV.

250 1739 528 1800 MERCURIUS.

59 1842 124 1957 Co
136 1920 156 1956 rc
165 1920 181 1957 c
190 1919 303 1959 tntu
315 1921 387 1978 atque
397 1909 518 1962 abscedite
528 1925 631 1972 omncs,
651 1912 681 1963 de
690 1910 730 1964 vir

116 1981 241 2034 decedite.

57 2048 99 2103 Nec
112 2056 235 2122 quisquam
247 2068 297 2107 tam
311 2057 389 2108 audax
405 2058 456 2110 fuat
469 2058 561 2117 homo,
579 2056 620 2126 qui
634 2057 730 2110 obviam

115 2127 211 2181 obsistat
224 2129 290 2181 mihi.

55 2195 106 2249 Nam
123 2201 183 2252 mihi
206 2204 301 2269 quidem
319 2206 402 2256 hercle
425 2204 466 2273 qui
483 2203 560 2257 mindo
577 2204 650 2256 liceat
669 2204 729 2256 Deo

42 2312 48 2324 .
113 2288 247 2327 minitarier

56 2341 148 2411 Populo,
157 2350 182 2400 ni
190 2351 294 2401 decedat
301 2350 549 2419 mihiqudmservolo
558 2350 582 2401 in
591 2348 727 2402 comoediis?

56 2417 90 2469 llle
97 2440 185 2473 navem
195 2424 281 2474 salvam
288 2426 438 2485 nuncianum
446 2425 500 2474 irati
507 2424 637 2474 adventum
646 2425 707 2475 senis
718 2440 724 2473 ε
741 2435 754 2484 5

56 2491 96 2561 Ego
105 2497 157 2547 sum
164 2496 232 2549 Jovis
241 2498 304 2549 ditio
312 2499 419 2559 audiens,
430 2496 482 2565 ejus
490 2496 551 2565 jussu
558 2515 623 2548 nunc
631 2499 678 2548 huc
687 2514 726 2547 me

111 2569 201 2621 affero.

57 2638 211 2705 Quamobrem
232 2641 265 2695 mi
287 2645 362 2715 magis
377 2660 421 2713 par
444 2642 479 2696 cst
496 2643 536 2694 via
557 2642 677 2695 decedere
700 2642 725 2695 dt

114 2718 263 2770 concedere.

57 2783 114 2842 Pater
126 2804 204 2841 vocet
216 2808 254 2843 me
265 2824 274 2851 ,
291 2809 346 2844 eum
361 2794 465 2865 sequor,
479 2789 534 2861 ejus
548 2788 610 2843 ditio
623 2786 726 2856 imperio

112 2864 294 2919 sumaudienst
