2000 3650
143 341 312 426 Acws
345 334 409 420 II.
441 335 518 430 Sc.
551 334 614 421 II.
680 352 760 436 283

79 475 126 529 Ubi
142 493 238 526 manum
254 473 332 544 injicit
350 453 477 543 benigni,
504 473 537 524 ibi
555 485 642 525 onerat
660 475 762 542 aliquam

147 550 256 600 lamiam.
773 573 808 609 20

79 624 130 694 Ego
138 623 194 677 istos
204 623 262 672 novi
270 623 376 690 polypos
386 655 394 681 ‚
403 621 444 690 qui
452 619 493 671 ubi
501 619 614 689 quicquid
622 621 761 691 tetigerint,

147 709 243 749 tenent.
284 748 286 754 ,

292 768 323 819 Μ
332 778 429 819 noio
438 780 456 818 o
465 781 544 818 uus.

80 844 119 898 Da
133 842 192 904 mihi
207 859 306 910 operam
322 858 460 909 parumper.
478 840 583 902 Paucis,
602 840 709 904 Euclio,
728 844 762 896 est

149 917 215 984 quod
225 929 251 966 te
262 918 321 966 volo
336 949 344 973 ‚

81 992 120 1046 De
130 989 251 1049 communi
259 1006 287 1042 re
299 987 439 1058 appellate,
454 1003 509 1036 mea
520 986 546 1040 dt
556 999 608 1042 tua.

340 1061 389 1112 Eu
398 1074 415 1112 c
424 1075 439 1109 ι
448 1076 458 1111 1
468 1074 499 1117 ο.

330 1186 333 1192 ,
522 1133 572 1184 Hei
585 1132 670 1186 misero
683 1133 740 1187 mihi
753 1135 759 1186 !

82 1210 171 1262 Aurum
185 1207 242 1260 mihi
258 1209 322 1260 intus
333 1208 492 1277 harpagatum
507 1207 551 1259 est.
568 1209 640 1263 Nunc
655 1209 694 1258 hic
711 1227 764 1259 eam

149 1301 202 1334 rem
214 1284 287 1342 volt,
306 1281 375 1340 icio,

81 1357 180 1408 Mecum
199 1357 266 1406 adire
285 1355 317 1405 ad
338 1353 474 1422 pastionem
494 1369 504 1406 t
524 1351 609 1414 verdm
629 1353 764 1408 intervisam
831 1353 833 1356 ’

151 1430 259 1482 domum.
483 1483 487 1489 ,
778 1445 810 1494 25

295 1500 378 1552 Meo
388 1512 516 1552 noouu
525 1513 549 1554 s.

83 1574 141 1644 Qud
150 1573 225 1628 abis?

344 1647 391 1702 Eu
402 1661 418 1698 c
428 1661 460 1697 rr
470 1659 501 1697 o.

152 1721 209 1776 Jam
217 1721 248 1771 ad
256 1733 282 1772 te
290 1733 402 1773 revortar
413 1738 420 1772 r
432 1735 535 1791 namque
544 1717 649 1788 estquod
658 1719 730 1772 visam

658 1795 765 1849 domum.

298 1868 408 1919 Mroa
417 1879 551 1919 nortus.

83 1943 167 1995 Credo
176 1943 285 2009 edepol,
300 1943 342 1992 ubi
355 1942 505 1992 mentionem
514 1956 562 2013 ego
570 1938 654 1991 fecero
664 1940 693 1989 de
702 1939 766 2002 filia,

83 2018 147 2067 Mihi
156 2029 184 2067 ut
197 2016 364 2083 despondeat,
382 2016 432 2065 sese
442 2032 457 2063 a
466 2030 505 2064 me
517 2014 621 2063 derideri
629 2014 730 2065 rebitur.

83 2091 173 2158 Neque
188 2089 231 2139 illo
241 2090 364 2158 quisquam
376 2089 410 2139 est
419 2090 480 2140 alter
493 2087 567 2141 hodie
583 2104 614 2139 ex
626 2100 768 2155 paupertate

155 2162 262 2232 parcior.

349 2236 465 2288 Evcar
476 2245 507 2295 ο.
746 2256 748 2263 ·

82 2306 119 2362 Di
131 2326 172 2361 me
184 2309 298 2368 serrant,
314 2308 378 2360 salva
388 2327 430 2361 res
445 2308 498 2360 est:
511 2307 600 2360 salvom
615 2304 666 2369 est,
684 2306 701 2367 fi
715 2307 772 2377 quid

157 2400 209 2433 non
222 2383 296 2458 perit,
783 2396 819 2447 30,

83 2455 164 2508 Nimis
178 2454 242 2507 male
256 2453 335 2506 timui.
346 2451 415 2506 Prius
431 2457 502 2523 quim
516 2450 580 2505 intrd
596 2452 675 2513 redii,
690 2453 772 2506 exani-

158 2542 237 2581 matus
251 2530 295 2579 fui.

84 2600 175 2655 Redeo
185 2603 217 2653 ad
227 2615 271 2664 te,
285 2601 423 2670 Megadore
434 2634 444 2661 ‚
456 2600 474 2652 fi
484 2600 541 2668 quid
550 2615 589 2653 me
599 2598 646 2653 vie.

305 2676 389 2728 Mae
398 2690 416 2725 a
425 2689 470 2727 oo
480 2684 525 2725 itu
534 2689 557 2725 s.

457 2780 460 2785 -
564 2744 652 2797 Habeo
665 2746 773 2815 gradem.

89 2819 182 2887 Queto
189 2823 255 2892 quod
260 2837 286 2876 te
292 2822 497 2893 percontaborme
505 2818 529 2871 id
534 2834 559 2873 te
565 2821 646 2889 pigeat
652 2822 774 2889 proloqui.
