2000 3650
215 327 815 428 204Auavanuraa'
890 403 894 412 .

225 507 897 536 m

225 535 895 556 h-——nn--m—

275 660 615 768 ACTUS
676 665 756 756 'Il
792 667 831 764 Ι.

294 784 790 950 ¹¹scamaras..
881 801 884 807 ’

229 1043 877 1126 MEGADQRUS.EUCL10.

429 1191 678 1259 Maonnonus.

212 1271 291 1388 NA
299 1350 343 1387 nn
351 1350 369 1387 A
377 1353 396 1388 v
405 1353 414 1388 1
427 1335 509 1387 amicis
520 1336 600 1388 multis
612 1336 735 1388 confilium
745 1355 823 1390 meum

212 1402 254 1458 De
266 1410 404 1460 conditione
413 1411 469 1460 hac.
486 1411 610 1462 Euclionis
620 1410 693 1460 filiam

212 1481 322 1532 Laudant
335 1499 342 1533 :
354 1484 472 1549 sapienter
482 1485 570 1534 fastum
581 1485 607 1535 δι
619 1484 716 1534 consilio
725 1487 800 1536 bono.

213 1549 275 1610 Nam
287 1590 293 1613 ,
310 1573 365 1605 meo
376 1557 472 1624 quidem
483 1553 561 1606 animo
574 1591 581 1617 ,
597 1557 613 1606 fi
625 1559 689 1608 idem
698 1559 788 1611 faciant
798 1559 875 1611 ceteri
888 1594 895 1619 ,

187 1633 199 1680 5
214 1627 388 1692 Opulentiores
399 1631 568 1696 pauperiorum
578 1629 638 1681 filias

213 1702 248 1750 Ut
259 1697 378 1754 indotatas
389 1703 477 1754 ducant
488 1720 577 1754 uxores
589 1705 684 1755 domum
696 1721 704 1756 z

213 1767 245 1823 Et
257 1773 332 1827 multd
344 1775 386 1828 liat
396 1777 480 1830 civitas
491 1779 637 1830 concordior
647 1812 663 1853 ,ο

212 1848 243 1897 Et
254 1849 341 1899 invidia
352 1869 396 1902 nos
406 1854 498 1905 minore
510 1866 621 1911 utamur,
637 1855 707 1919 qu'am
717 1850 822 1903 utimur:

212 1921 244 1971 Et
253 1922 299 1973 illae
308 1927 392 1974 malam
400 1943 452 1975 rem
460 1938 583 1985 metuant,
593 1928 663 1992 quam
671 1936 796 1984 metuunt,
805 1924 879 1995 magis
888 1942 896 1978 a

169 2003 200 2039 10
213 1994 245 2045 Et
257 2014 300 2047 nos
312 1998 403 2048 minore
418 1999 511 2063 sumptu
521 1998 607 2055 simus,
627 2000 696 2063 quam
710 1995 795 2047 sumus.

213 2068 240 2117 In
251 2086 382 2119 maxumam
391 2070 447 2118 illuc
458 2070 541 2134 populi
549 2069 642 2133 partem
655 2068 688 2117 est
697 2080 832 2133 optumum.

212 2142 240 2191 ln
252 2142 379 2208 pauciores
389 2141 472 2191 avidos
485 2141 611 2193 altercatio
623 2141 656 2191 est
668 2157 675 2191 τ

212 2212 322 2275 Quorum
334 2214 415 2263 animis
427 2214 501 2264 avidis
514 2247 521 2273 ‚
540 2228 612 2281 atque
623 2209 795 2266 insatietatibus
807 2250 816 2276 ,

211 2287 298 2359 Neque
306 2287 360 2346 lex,
372 2304 450 2353 neque
457 2300 524 2337 tutor
532 2305 619 2358 capere
627 2288 660 2339 est
666 2289 706 2355 qui
712 2288 781 2355 poffit
787 2291 895 2344 modum.

94 2358 96 2361 ’
168 2372 198 2422 15
212 2360 320 2425 Namque
331 2362 378 2410 hot
390 2362 430 2426 qui
441 2362 505 2411 dicat
517 2378 524 2411 t
538 2360 595 2425 Qud
606 2363 653 2412 illae
662 2364 754 2413 nubent
763 2363 848 2415 divites

156 2480 185 2502 ‚s
211 2432 330 2493 Dotatae,
348 2433 364 2485 fi
377 2434 435 2484 istud
450 2433 487 2501 jus
499 2436 643 2501 pauperibus
657 2434 775 2502 ponitur?

213 2504 271 2571 Qud
282 2506 363 2558 lubeat
373 2509 463 2558 nubant
474 2542 481 2567 ,
501 2510 556 2558 dum
567 2510 610 2559 dos
623 2527 653 2559 ne
664 2509 706 2560 fiat
717 2526 807 2559 comes.

212 2579 269 2629 Hoc
280 2582 312 2629 ita
323 2580 339 2629 fi
349 2580 390 2631 fiat
401 2616 408 2640 ,
426 2598 506 2631 mores
516 2584 630 2632 meliores
641 2581 682 2632 fibi

213 2651 302 2702 Parent
312 2671 356 2717 pro
368 2655 425 2703 dote
436 2672 497 2721 quor
506 2656 586 2705 ferant
597 2690 605 2713 ‚
620 2659 691 2722 quam
701 2673 765 2706 nunc
774 2656 865 2710 ferunt·
937 2704 943 2710 ,

168 2742 201 2781 20
214 2720 266 2791 Ego
280 2725 351 2773 faxim
361 2728 437 2785 muli,
454 2729 534 2793 pretio
546 2728 586 2795 qui
596 2729 708 2793 superant
720 2746 815 2797 equos,

214 2794 282 2850 Sient
292 2798 390 2854 viliores
406 2798 506 2856 Gallicis
521 2802 641 2855 canteriis.
