2000 3650
232 335 289 406 32
368 311 771 430 AMPHrrnvonrs

188 441 217 490 15
233 447 315 512 Atque
328 443 468 498 infimulabit
481 463 535 501 eam
547 449 637 515 probri.
651 448 716 498 Tum
727 465 795 500 meus
808 459 882 516 pater

233 515 292 568 Eam
305 519 444 570 seditionem
455 521 479 570 in
490 522 644 587 tranquillum
656 523 778 574 conseret.

233 592 306 642 Nunc
319 592 348 642 de
363 591 511 653 Alcumena,
525 594 614 644 dudum
626 596 692 660 quod
704 596 752 647 dixi
765 596 861 655 mnus,

233 664 314 715 Hodie
327 666 367 715 illa
380 667 458 732 pariet
469 665 532 717 filios
545 668 652 734 geminos
666 668 745 728 duos,

232 737 304 789 Alter
316 738 417 789 decumo
430 739 482 805 post
495 740 575 790 mense
588 739 698 791 nascetur
709 759 771 807 puer
877 757 881 762 ’

185 821 219 860 20
233 811 312 875 Quim
325 811 467 872 seminatust
481 814 543 863 aiter
556 812 636 863 mense
650 812 769 880 septumo.

228 883 321 934 Eorum
333 883 517 951 Amphitruonis
527 887 589 936 alter
602 884 651 944 est,
665 888 727 936 alter
740 883 818 942 lovi&
872 898 874 900 ’

230 947 324 1010 Vertim
336 957 422 1008 minori
435 975 511 1024 puero
524 958 601 1026 major
614 958 647 1009 esi
660 973 729 1026 pater
742 992 750 1018 ,

230 1029 314 1080 Minor
324 1029 417 1098 majori.
428 1031 513 1084 iamne
522 1033 571 1085 hoc
584 1031 646 1082 scitis
657 1033 713 1099 quid
723 1029 789 1089 ,steti

231 1101 279 1152 Sed
292 1103 431 1155 Alcumenae
444 1105 515 1173 hujus
528 1105 627 1157 honoris
641 1104 735 1172 gratiis,

184 1188 200 1223 2
204 1187 216 1235 5
232 1174 304 1227 Pater
317 1178 410 1228 curavit
420 1194 470 1228 uno
483 1191 511 1230 ut
523 1179 575 1230 fetu
588 1176 679 1240 fieret3

228 1249 289 1300 ‘Uno
303 1259 330 1300 ut
341 1249 424 1301 labore
438 1251 576 1302 exsolveret
588 1265 704 1304 erumnae
717 1253 775 1304 duas
788 1284 798 1316 ,

231 1321 262 1371 Et
275 1339 306 1372 ne
319 1317 344 1372 in
358 1322 487 1389 suspicione
501 1337 605 1390 ponatur
618 1324 707 1391 stupri,

231 1393 263 1444 Et
276 1394 417 1446 clandestina
430 1408 458 1447 ut
471 1398 565 1447 celetur
577 1396 713 1448 consuetio.

232 1466 390 1534 Quanquam,
403 1481 431 1518 ut
443 1469 491 1537 jam
505 1470 592 1520 dudum
606 1469 668 1531 dixi,
681 1467 795 1521 resciscet
805 1481 891 1520 temen

182 1549 218 1604 30
231 1540 374 1607 Amphitruo
380 1559 432 1592 rem
439 1559 543 1594 omnem.
552 1542 619 1608 Quid
624 1542 708 1612 igitur?
715 1561 787 1596 nemo
793 1543 818 1594 id
823 1545 923 1611 probro
935 1603 940 1608 ,

232 1612 343 1666 Proieci&
358 1615 430 1668 ducet
443 1616 592 1668 Alcimena.
604 1617 667 1667 Nam
677 1615 760 1669 Deum

231 1688 288 1737 Non
299 1704 342 1755 pat
354 1689 449 1740 videtur
459 1691 557 1750 secere,
573 1690 684 1741 delistum
697 1692 763 1742 suum

216 1761 349 1829 'suamque
361 1765 455 1831 culpam
464 1775 582 1831 expetere
591 1763 617 1814 in
626 1766 753 1816 mortalem
765 1775 793 1815 ut
806 1762 877 1830 sinu,

231 1834 375 1885 Orationem
389 1840 541 1904 comprimam
555 1855 562 1889 :
575 1839 668 1905 crepuit
681 1839 749 1890 soris.

137 1914 139 1919 '
183 1908 215 1961 35
230 1906 374 1974 Amphitruo
387 1911 532 1971 subditivus,
547 1912 787 1970 circumauferat
802 1942 811 1972 1

230 1980 294 2033 Cum
305 1980 439 2037 Alcumena
450 2002 529 2037 uxore
540 1983 654 2039 usuraria.
