2000 3650
222 348 312 422 226
368 333 771 418 Amisiam.
829 321 876 335 '⁴

483 467 532 520 Eu
542 481 559 516 c
568 482 601 516 ιι
613 480 641 517 ο.

220 546 262 598 Sat
271 547 360 598 habeo.
368 543 422 613 Age
432 558 496 594 nunc
506 543 608 606 loquere
619 539 677 606 quid
685 539 734 592 vis.

444 617 679 668 Lucouinzu

628 686 654 737 Si
665 704 703 737 me
715 685 800 737 novisti
809 684 887 738 minuis
898 721 908 747 ,

222 761 322 816 Geuere
340 761 380 831 qui
396 761 437 812 sim
453 773 538 831 gnatus
555 772 563 810 t
578 759 618 811 hic
633 761 691 810 mihi
707 761 741 810 est
756 761 909 829 Megadorus

292 838 425 888 avonculus
438 852 446 888 z

220 911 294 962 Meus
301 911 346 962 fuit
353 922 423 978 pater
428 907 587 961 Antimachus
595 922 604 959 e
612 922 660 976 ego
666 923 744 960 vocor
749 906 908 977 Lyconides:

177 991 209 1040 50
221 985 304 1036 Mater
314 984 348 1036 est
358 984 486 1037 Eunomia.

482 1055 594 1108 Eucu
604 1065 636 1106 ο.
687 1107 691 1112 ,

411 1129 478 1182 Novi
489 1146 575 1198 genus.
586 1129 659 1180 Nunc
669 1123 726 1196 quid
735 1124 771 1180 vis
783 1125 793 1179 ἓ
812 1127 837 1178 id
848 1127 908 1180 volo

221 1202 342 1256 Noscere.

447 1275 678 1326 Lucouintm

393 1347 476 1400 Filiam
487 1365 519 1397 ex
529 1361 554 1398 te
565 1360 593 1397 tu
603 1348 689 1399 habes.

483 1419 641 1475 Eucuim

646 1489 700 1545 lmd
710 1492 820 1546 eccillam
831 1489 907 1548 domi.

447 1567 689 1627 Lucou1neu,

221 1640 280 1692 Eam
290 1652 317 1692 tu
328 1639 487 1710 despondiiii,
504 1644 608 1709 opinor,
625 1658 682 1694 meo
693 1642 824 1694 avonculo.

483 1716 533 1767 Eu
542 1731 558 1766 c
568 1732 601 1768 ιι
612 1730 642 1767 o.

644 1789 750 1841 Omnem
761 1806 813 1840 rem
824 1800 905 1842 tenes.

444 1861 678 1915 Lucouxueu

220 1932 245 1987 is
255 1950 294 1987 me
305 1952 368 1987 nunc
378 1938 522 1988 renunciare
532 1937 658 2003 repudium
666 1935 730 2004 jussit
738 1936 790 1990 tibi.

484 2006 506 2060 E
515 2025 534 2061 u
543 2025 559 2059 c
568 2026 583 2060 1.
592 2026 602 2060 1
612 2025 642 2061 0.

203 2078 204 2083 ’
220 2080 355 2149 Repudium
365 2114 372 2141 ‚
384 2084 455 2133 rebus
465 2085 554 2150 paratis
564 2116 572 2143 ,
583 2096 657 2151 atque
667 2082 788 2134 exornatis
796 2080 907 2147 nuptiis?

220 2154 257 2205 Ut
268 2156 334 2205 ilium
345 2154 380 2205 Di
390 2157 537 2207 immortales
549 2174 633 2209 omnes
643 2156 755 2224 Deaeque
766 2190 774 2216 ‚
790 2170 907 2223 quantum

174 2246 204 2295 55
292 2228 344 2287 est,
362 2230 474 2295 perduint
488 2263 495 2289 ,

220 2298 301 2364 Quem
316 2315 416 2368 propter
431 2304 506 2355 hodie
520 2302 571 2355 auri
581 2316 674 2355 tantum
681 2302 791 2372 perdidi,
802 2303 905 2364 infelix.

291 2376 361 2427 miser
374 2375 380 2427 Ξ

445 2449 678 2502 Licou1nee

218 2519 288 2572 Bono
299 2521 378 2573 animo
389 2540 415 2576 es
426 2556 433 2584 ,
452 2524 478 2574 δι
486 2524 615 2588 benedice.
624 2525 697 2576 Nunc
708 2540 760 2592 quae
770 2539 809 2575 res
823 2522 867 2575 tibi
878 2523 906 2575 δι

290 2608 368 2663 gnaiae
381 2608 430 2647 tu&

216 2664 284 2717 Bene
295 2667 446 2739 feliciterque
456 2682 547 2725 vortat.
558 2671 596 2724 ita
606 2667 641 2723 Di
650 2670 727 2726 faxint
737 2669 744 2722 !
755 2668 859 2741 inquito.

479 2745 633 2800 Eueno.

216 2812 255 2863 Ita
264 2811 299 2863 Di
310 2813 398 2866 faciant
410 2814 418 2867 !
