2000 3650
230 365 315 438 174
370 332 767 415 AULULARIA.

487 466 535 516 Eu
545 481 562 516 c
570 474 603 516 ιί
614 478 645 518 ο.

227 542 261 592 At
270 553 297 591 ut
308 540 403 591 scelesta
414 540 462 590 sola
476 539 556 590 secum
566 537 717 589 murmurat!
853 589 856 592 ,

229 616 323 666 Oculos
333 615 416 664 hercle
429 631 476 682 ego
486 613 559 673 istos,
575 613 684 678 improba
695 646 704 670 ,
723 607 835 661 effodiam
846 607 909 668 tibi,

182 694 212 742 15
228 690 267 738 Ne
277 705 315 737 me
327 688 453 737 observare
464 685 534 752 pollis
545 720 553 746 ‚
569 686 626 752 quid
637 703 718 736 rerum
728 698 818 753 geram·

227 761 337 812 Abscede
349 777 357 810 t
369 760 515 817 etiamnunc
527 776 535 812 t
547 760 620 810 etiam
631 777 694 810 nunc
707 775 715 810 ι
727 759 809 810 etiam.
828 755 885 811 Ohe
900 754 907 807 l

298 835 370 884 Nunc

226 904 280 956 Istic
291 907 390 958 adstato.
408 906 433 956 Si
442 907 526 957 hercle
536 918 563 956 tu
573 923 605 956 ex
614 905 671 956 istoc
682 907 740 956 loco

227 980 337 1047 Digitum
346 980 505 1030 transversum
514 992 556 1030 aut
565 996 669 1048 unguem
679 981 754 1028 latum
764 975 890 1028 excesseris
900 1009 910 1036 ‚

227 1053 303 1103 Autsr
313 1054 419 1121 respexit
432 1087 440 1113 ,
460 1053 574 1104 donicum
583 1069 630 1120 ego
640 1064 666 1102 te
676 1050 763 1118 jussero
774 1085 782 1109 ,

180 1134 216 1168 20
230 1125 352 1177 Continud
360 1128 443 1177 hercle
452 1143 498 1194 ego
509 1138 535 1176 te
545 1126 631 1176 dedam
640 1125 776 1191 discipulam
786 1122 863 1175 cruci.

229 1200 395 1253 Scelestiorem
407 1217 445 1250 me
457 1199 503 1249 hic
512 1217 561 1248 anu
572 1197 640 1249 certi
652 1199 701 1248 scio
774 1201 777 1204 ’

228 1273 318 1326 Vidisse
329 1290 447 1338 nunquam
459 1289 466 1322 ι
479 1272 592 1338 nimisque
603 1289 650 1339 ego
663 1273 725 1320 hanc
735 1283 818 1320 metuo
828 1267 910 1332 male,

228 1347 268 1396 Ne
277 1347 334 1396 mihi
344 1363 374 1395 ex
382 1343 467 1396 insidiis
477 1346 555 1395 verba·
562 1344 707 1410 imprudenti
717 1344 785 1402 duit,
854 1365 859 1380 ν

228 1419 283 1468 Neu
295 1419 467 1484 persentiscat,
484 1435 568 1468 aurum
577 1419 618 1468 ubi
629 1417 663 1468 est
673 1417 835 1469 absconditum
846 1451 854 1476 ,

180 1505 212 1554 25
228 1491 290 1555 Quae
301 1493 326 1541 in
335 1492 449 1558 occipitio
460 1508 557 1559 quoque
567 1493 641 1542 habet
651 1493 736 1542 oculos
747 1525 755 1550 ,
768 1490 882 1556 pessuma.

226 1566 298 1616 Nunc
308 1566 348 1614 ibo
362 1578 390 1615 ut
400 1565 489 1625 visam,
507 1564 567 1616 sitne
577 1566 611 1616 ica
621 1582 705 1615 aurum
717 1576 745 1617 ut
756 1565 852 1615 condidi
864 1580 872 1616 t

172 1695 173 1702 ἵ
224 1637 302 1702 Quod
312 1655 351 1689 me
364 1638 475 1690 sollicitat
485 1639 591 1706 plurimis
601 1638 712 1690 miserum
723 1638 810 1690 modis.

470 1713 485 1761 S
494 1727 512 1761 τ
520 1725 538 1760 Α
545 1727 560 1762 a
568 1728 586 1762 Η
594 1728 612 1762 r
620 1729 635 1762 n
643 1726 671 1762 n.

128 1779 132 1788 “
224 1783 281 1837 Nec
289 1783 353 1836 nunc
362 1785 478 1837 mecastor
489 1786 546 1853 quid
554 1787 614 1844 hero
625 1803 672 1854 ego
684 1784 761 1836 dicam
770 1799 827 1835 meo

225 1858 300 1910 Male
310 1861 347 1911 rei
357 1860 460 1911 evenisse
471 1894 477 1919 ‚
495 1876 597 1926 quamve
606 1860 718 1909 insaniam
729 1894 737 1919 ,

181 1943 215 2003 30
228 1932 302 1997 Queo
313 1934 457 1984 comminisci
469 1950 475 1983 ε
488 1934 523 1982 ita
532 1932 640 1982 miseram
649 1949 687 1981 me
698 1932 729 1982 ad
739 1933 804 1982 hunc
813 1931 912 1983 modum

226 2006 319 2057 Decies
334 2007 372 2057 die
386 2024 435 2057 uno
450 2004 511 2070 [πρὸ
526 2004 632 2054 extrudit
645 2005 744 2053 aedibus.

224 2080 315 2131 Nescio
324 2080 365 2143 pol
372 2096 424 2145 quae
430 2080 504 2127 illunc
510 2076 632 2126 hominem
638 2076 787 2142 intemperie
795 2089 892 2132 tenent.

226 2151 356 2218 Pervigilat
365 2152 448 2201 nosles
459 2161 524 2200 totas
533 2165 541 2199 ε
550 2162 602 2199 tum
609 2160 692 2199 autem
702 2150 821 2201 interdius

226 2224 299 2287 Quasi
309 2224 406 2274 claudus
415 2224 481 2274 sutor
491 2223 557 2272 domi
567 2222 635 2273 sedet
642 2235 710 2273 totos
720 2224 782 2275 dieu

179 2301 212 2356 35
225 2299 313 2363 Neque
324 2296 371 2364 jam
382 2314 430 2363 quo
441 2296 511 2363 pallo
524 2297 602 2346 celem
613 2296 696 2347 herilis
706 2295 760 2346 siliae

226 2369 342 2420 Probrum
354 2406 361 2431 ,
379 2372 513 2438 propinqua
522 2370 646 2438 partitudo
657 2370 697 2420 cui
709 2369 820 2437 appetit,

227 2442 302 2507 Queo
311 2445 456 2496 comminisci
467 2460 474 2495 ι
486 2461 565 2511 neque
573 2445 700 2512 quicquam
708 2445 793 2494 melius
803 2441 836 2492 est
843 2458 875 2491 mi
892 2440 910 2502 i,

225 2518 262 2567 Ut
273 2519 359 2585 opinor
371 2554 378 2579 ,
390 2522 459 2587 quim
470 2536 500 2569 ex
510 2535 549 2569 me
558 2532 586 2569 ut
594 2534 667 2568 unam
676 2518 762 2567 faciam
771 2517 864 2567 literam

225 2590 349 2663 Longam,
360 2610 439 2647 meum
447 2595 536 2663 laqueo
547 2595 636 2647 collum
646 2592 741 2661 quando
752 2590 910 2646 obstrinxero.

390 2739 598 2913 ff
