2000 3650
226 366 329 459 466
390 343 790 436 Crsrrzzrrrrrr.

428 491 707 540 errnnrseus.

226 562 306 632 Pergo
316 562 357 614 illa
368 564 396 586 '⁴
407 564 473 613 distis
486 579 493 613 z
506 563 568 612 illaec
579 574 605 611 te
615 577 676 611 aruis

180 654 210 704 15
225 637 301 688 Fortu
313 640 357 662 '⁸'
369 639 432 688 seras
442 648 525 687 vocat.
627 691 630 699 ¹

226 713 289 762 Nam
299 713 359 761 iiiaec
369 711 413 761 tibi
423 710 504 760 nutrix
513 707 547 758 est
558 729 576 768 ,·
584 723 615 758 ne
625 718 726 757 matrem
736 707 847 764 censeas·

226 785 280 852 Ego
288 798 314 835 te
324 785 415 834 reduco
427 786 453 836 δι
462 800 528 833 voco
538 781 671 853 addivitias
682 814 691 840 ‚
706 782 748 832 ubi

225 857 265 907 Tu
276 859 358 907 locere
370 858 394 907 in
404 857 552 908 luculentam
562 856 673 906 demidiam
683 872 693 905 r

225 931 298 982 Unde
309 931 352 981 tibi
360 933 452 982 talenta
460 947 546 998 magna
553 929 637 997 viginti
645 939 718 996 pater

177 1011 212 1048 ²0
224 1005 278 1056 Det
287 1005 359 1056 dotis.
372 1005 431 1056 Non
440 1005 504 1054 enim
513 1005 571 1062 hic,
587 1004 630 1052 ubi
638 1019 670 1052 ex
677 1002 761 1052 Tusco
770 1001 847 1054 modo

224 1074 290 1129 Tute
302 1079 346 1130 tibi
355 1077 452 1148 indign'e
463 1079 546 1129 dotem
556 1092 648 1143 quaeras
659 1093 774 1143 corpore.

422 1151 717 1202 ruinosum.

224 1223 264 1275 An
274 1225 360 1275 amabo
370 1226 485 1276 meretrix
495 1227 535 1274 illa
546 1224 580 1274 est
593 1258 601 1282 ‚
615 1240 667 1290 quae
678 1223 743 1272 illam
753 1221 842 1273 sustulit
853 1221 869 1274 ὶ

421 1299 707 1349 ermrrnrseus.

222 1368 276 1422 Imb
287 1371 402 1422 meretrix
412 1371 457 1421 fuit
469 1389 477 1430 ς
488 1371 531 1421 sed
541 1383 568 1421 ut
578 1369 606 1421 fit
617 1402 625 1430 ,
639 1371 670 1420 de
681 1387 712 1420 ea
721 1381 749 1420 re
759 1372 876 1439 eloquar.

221 1443 274 1497 Jam
284 1446 447 1512 perducebam
456 1445 523 1494 illam
531 1445 562 1494 ad
572 1459 611 1494 me
622 1443 718 1494 suadeii
727 1443 800 1495 mede

175 1535 191 1572 2
195 1534 208 1584 5
222 1517 291 1568 Anus
303 1518 325 1568 ei
335 1521 445 1586 amplexa
455 1518 489 1568 est
499 1535 596 1586 genua,
607 1520 705 1584 plorans
716 1551 723 1578 ,
735 1518 867 1571 obsecrans
877 1552 888 1580 ,

221 1593 260 1642 Ne
272 1592 367 1644 deserat
378 1592 402 1644 se
415 1608 422 1644 ε
436 1609 490 1643 eam
500 1593 566 1643 suam
575 1591 622 1642 effe
632 1589 723 1652 filiam

221 1665 302 1734 Seque
313 1683 366 1716 eam
377 1666 494 1734 peperiffe
507 1701 514 1726 ,
534 1664 612 1716 sanae
622 1665 749 1733 adjurabat
757 1665 826 1719 mibi.

221 1737 298 1829 1an
309 1758 379 1809 quam
390 1741 475 1808 quaerie
488 1773 496 1800 ,
516 1740 593 1806 inquit
604 1773 611 1798 ,
622 1757 673 1808 ego
681 1741 764 1790 amicae
774 1757 838 1792 meae

220 1813 288 1865 Dedi
300 1849 307 1875 ,
326 1832 379 1883 quae
392 1816 510 1867 educaret
521 1832 573 1865 eam
584 1831 629 1880 pro
639 1812 713 1865 filiola
725 1813 774 1865 sua.

169 1896 207 1956 30
221 1887 253 1939 Et
262 1888 323 1940 vivit
335 1922 343 1949 ,
357 1889 443 1958 inquit.
457 1889 507 1941 Ubi
518 1906 548 1939 ea
558 1888 591 1938 est
601 1886 613 1936 ἓ
624 1887 721 1956 inquam
730 1889 885 1957 extempulo.

381 1962 715 2015 ruinosum
850 1972 854 1977 ·

219 2034 323 2087 Servate
333 2052 372 2088 me
383 2036 434 2089 Dei
449 2036 561 2087 obsecro.

421 2137 423 2143 ·
436 2112 440 2127 ¹
469 2110 500 2159 Μ
508 2121 525 2159 ε
534 2120 549 2157 ι
557 2122 625 2161 sur
634 2123 659 2160 s.

696 2181 732 2234 At
743 2198 783 2234 me
793 2179 908 2251 perditis}

415 2252 710 2307 Pmomm.

217 2322 287 2393 Quoi
297 2324 360 2378 iilam
372 2328 491 2390 dedisset,
507 2329 629 2399 exquisrffe
640 2330 760 2397 oportuit.

415 2400 701 2455 errrnrscus'.

218 2472 325 2539 Quaesrvi
337 2490 344 2526 τ
357 2475 383 2528 &
394 2476 471 2537 dixit,
484 2478 608 2529 meretrici
616 2477 753 2529 Melaenidi.

466 2552 496 2602 M
506 2564 578 2602 err:
586 2566 623 2601 ιη
632 2566 656 2602 s.

216 2620 302 2673 Meum
313 2622 424 2677 elocutus
435 2622 468 2675 est
478 2642 577 2678 nomen.
589 2624 683 2677 Interii.

422 2699 701 2751 errrnrscus.

168 2770 203 2832 '35
216 2768 265 2818 Ubi
277 2770 374 2820 elocuta
384 2770 418 2821 est
430 2806 436 2831 ‚
452 2789 499 2840 ego
511 2771 628 2824 conrinub
638 2788 709 2823 rmum
718 2769 846 2838 interrogo
857 2785 867 2823 e

216 2840 265 2892 Ubi
274 2842 383 2905 habitat,
395 2844 510 2913 inquam,
521 2848 567 2899 duc
578 2864 607 2900 ae
619 2844 753 2899 demonstra
762 2844 832 2899 mihi·
