2000 3650
150 425 152 431 ,
225 349 318 447 398
437 337 706 433 CASINA.

478 469 503 520 Ο
511 485 526 518 1.
534 484 583 521 tm
592 484 625 519 ιη
636 481 664 519 ο.

225 549 282 602 Tibi
294 547 390 616 quidem
407 545 497 613 edepol
508 544 583 595 credo
599 542 717 594 eveniet:
729 541 789 594 novi
798 542 928 610 pietatem

297 635 371 672 tuam.
534 631 538 637 “

225 697 274 749 Sed
291 695 417 745 manedum
438 708 446 744 t
467 709 525 742 num
540 689 582 742 ista
597 691 763 760 autpopulna
780 691 858 752 sors,
881 706 928 744 aut

296 768 398 837 abiegna
409 765 443 818 est
455 779 497 817 tua
509 763 520 816 ἒ

463 840 673 893 Caietano

225 915 292 982 Quid
304 928 331 967 tu
342 913 367 966 id
378 932 447 966 curas
459 912 471 964 ἒ

474 987 623 1041 Ootmn
633 999 663 1039 ο.

316 1063 382 1130 Quia
393 1063 455 1113 enim
466 1075 549 1112 metuo
561 1096 569 1122 ,
585 1078 617 1111 ne
627 1062 651 1110 in
662 1077 723 1128 aqua
736 1060 826 1110 summa
839 1072 924 1113 natet.

478 1137 521 1186 St
531 1151 550 1186 A
559 1150 574 1185 1.
583 1151 593 1184 1
602 1150 621 1185 u
630 1149 660 1187 0.

227 1210 316 1281 Euge:
336 1227 404 1262 cave.
423 1209 546 1277 Conjicite
563 1209 657 1280 sorteis.
675 1209 748 1260 Nunc
763 1206 813 1275 jam
830 1209 924 1260 amabo

298 1287 355 1335 huc.
369 1285 462 1334 Eccere
475 1318 483 1344 ,

180 1372 193 1426 3
200 1375 212 1426 5
225 1357 296 1410 Uxor
307 1393 315 1418 ‚
333 1373 410 1426 aequa.

471 1426 582 1482 Ott'm
591 1446 623 1482 1¹1
635 1442 665 1482 o.

369 1503 452 1554 Nolim
463 1505 534 1555 uxori
546 1506 657 1557 credere.

494 1574 538 1629 So
546 1593 565 1628 A
574 1594 589 1629 ι,
599 1595 608 1628 1
618 1593 636 1628 N
645 1593 675 1630 ο.

615 1653 687 1703 Habe
698 1651 801 1702 animum
811 1652 917 1702 bonum.

471 1724 521 1778 Or.
529 1740 548 1776 γ
556 1741 620 1777 met
631 1741 662 1778 0.

227 1798 320 1862 Credo,
327 1797 421 1861 hercle,
428 1799 501 1851 hodie
510 1801 636 1852 devotabit
644 1798 727 1853 sorteis
734 1797 751 1851 fi
758 1797 876 1869 attigerit.

466 1875 675 1928 Continuo

832 1946 914 1999 Tace.

474 2022 500 2073 0
509 2038 524 2073 r.
534 2036 606 2074 tm
615 2038 625 2074 1
635 2036 667 2077 ο.

225 2093 312 2146 Taceo
321 2112 330 2155 3
340 2095 411 2148 Deos
422 2096 512 2163 quaeso.

466 2168 513 2220 Cn
523 2185 541 2220 A
551 2174 585 2221 ti
596 2184 615 2220 tt
624 2184 644 2222 υ
650 2184 676 2223 s.

335 2239 371 2293 Ut
381 2242 477 2313 quidem
486 2256 514 2294 tu
522 2245 596 2295 hodie
606 2262 690 2295 canem
699 2242 726 2297 δι
735 2242 827 2295 furcam
837 2241 912 2296 fens.

336 2324 338 2329 '
477 2318 666 2373 Ottmio.

226 2386 289 2441 Mihi
299 2402 326 2441 ut
337 2389 429 2442 sortitio
440 2392 547 2444 eveniat.

463 2466 673 2518 Cutotuo&

390 2538 426 2589 Ut
437 2540 549 2608 quidem,
562 2541 664 2600 hercle,
681 2537 783 2608 pedibus
793 2539 907 2608 pendeas.

476 2614 550 2665 Οιγ
558 2631 582 2665 M
591 2631 605 2664 ι’
614 2632 623 2665 1
633 2629 663 2667 o.

224 2684 259 2736 At
267 2696 295 2735 tu
302 2697 331 2735 ut
341 2688 426 2738 oculos
435 2704 565 2756 emungare
574 2707 605 2739 ex
614 2689 693 2755 capite
702 2705 746 2753 per
754 2686 834 2738 nasum
842 2698 905 2737 tuos.

176 2775 211 2824 4ο
224 2756 369 2882 Ιῼιιὶὶῗίἔηιες
377 2759 388 2809 ?
397 2774 506 2829 paratum
516 2773 616 2829 oportet
624 2761 847 2831 essejamlaqueum
854 2761 904 2811 tibi.

244 2849 287 2883 eru
307 2850 324 2883 ι.
