2000 3650
245 331 326 405 172
392 300 786 386 Prorocvs.

240 435 306 486 Mihi
315 438 433 503 honorem
444 440 565 496 habetet,
584 440 652 503 quim
663 435 715 503 ejus
726 436 929 508 habuissetpatet.

241 527 324 595 Atque
337 530 378 581 iile
388 527 449 578 verri
459 528 536 580 mimis
548 529 670 594 minusque
681 529 804 597 impendio
851 511 855 518 Ι

182 631 188 641 ·
241 621 354 682 Curare.
369 622 491 688 minusque
504 638 542 670 me
553 619 676 686 impertire
689 622 833 678 honoribus.

195 727 231 773 po
244 713 306 764 Item
315 731 329 762 a
338 732 377 764 me
388 727 474 764 contra
484 714 572 766 sadum
589 713 641 763 esi:
652 729 707 764 nam
717 715 776 766 item
788 719 847 769 obiit
858 721 930 784 diem,

244 807 267 858 is
278 825 308 858 ex
318 809 341 858 se
351 811 416 858 hunc
426 809 525 875 reliquit
535 843 542 867 ‚
555 809 594 876 qui
604 806 644 858 hic
655 825 718 858 nunc
731 808 823 860 habitat
833 845 840 870 ,
858 812 932 866 filium

245 895 338 969 Pariter
351 914 470 957 moratum
483 933 490 959 ,
506 913 533 950 ut
546 911 615 964 pater
626 901 731 966 avosque
743 901 815 969 hujus
826 903 881 956 suit.

246 994 310 1044 Huic
322 994 371 1044 filia
383 1011 430 1044 una
442 991 476 1043 est
491 1011 498 1043 :
515 1010 544 1042 ea
554 993 611 1042 mihi
622 993 712 1042 cotidie

247 1088 299 1139 Aut
308 1101 363 1140 ture
376 1121 383 1148 ,
398 1102 440 1140 aut
448 1088 506 1138 vino
518 1120 525 1147 ,
540 1099 582 1137 aut
591 1085 663 1153 aiiqui
674 1087 767 1152 semper
776 1085 893 1167 supplicat
904 1105 916 1147 t

201 1192 233 1240 ας
246 1181 299 1232 Dat
315 1183 372 1233 mihi
387 1199 498 1233 coronas.
515 1178 573 1245 Ejus
586 1180 685 1230 honoris
702 1180 778 1248 grani

140 1286 143 1291 '
245 1277 305 1327 Feci
320 1311 327 1334 ‚
346 1262 481 1327 thesaurum
491 1287 519 1325 ut
529 1274 567 1324 hic
578 1275 699 1341 reperiret
709 1276 794 1328 Euclio
805 1311 814 1337 ‚

174 1404 175 1407 η
246 1366 306 1432 Quo
319 1385 373 1418 eam
384 1365 478 1420 facdids
493 1373 612 1434 nuptum,
628 1367 752 1428 srveilet‚
771 1371 849 1423 daret.

244 1455 310 1512 Nam
321 1459 456 1528 compressit
466 1445 519 1512 eam
530 1463 559 1512 de
571 1463 660 1513 summo
672 1463 811 1514 adolescens
821 1465 890 1518 loco.

248 1557 272 1606 is
284 1556 328 1606 scit
342 1553 483 1605 adoiescens
496 1574 549 1623 quae
560 1555 606 1617 fit,
625 1575 694 1626 quam
706 1547 888 1622 compresserit}

199 1651 234 1708 30
249 1648 294 1710 ilia
303 1648 370 1698 illum
382 1647 477 1705 nescit,
494 1666 573 1716 neque
583 1647 737 1716 compressam
747 1662 826 1700 autem
837 1663 917 1716 pater.

250 1743 309 1793 Eam
319 1760 367 1810 ego
377 1743 451 1794 hodie
462 1744 567 1803 seciam,
583 1757 611 1794 ut
620 1734 660 1794 hic
671 1745 744 1794 senex
756 1742 786 1791 de
797 1759 918 1808 proxumo

249 1837 300 1887 Sibi
309 1826 411 1888 uxorem
421 1839 514 1905 poscat.
527 1838 556 1889 ld
566 1836 595 1887 ei
603 1838 688 1887 faciam
698 1836 773 1905 gratii
783 1871 793 1896 ,

250 1928 310 1993 Qud
323 1931 363 1981 ille
374 1949 426 1981 eam
437 1928 528 1981 facilitis
542 1928 630 1985 ducat,
647 1928 687 1993 qui
698 1928 883 1993 compresserat,

250 2023 283 2073 Et
293 2024 332 2072 hic
343 2024 383 2089 qui
392 2023 477 2089 poscet
486 2037 540 2070 eam
553 2017 593 2067 srbi
603 2034 702 2067 uxorem
714 2020 786 2070 senex
797 2054 806 2085 ‚

205 2115 273 2173 351⁵
286 2115 443 2167 adolescentis
461 2111 523 2161 titini
539 2110 571 2159 est
585 2112 717 2163 avoncuius
732 2146 739 2171 ,

249 2207 301 2272 Qui
309 2209 373 2258 illam
383 2206 495 2275 stupravit
505 2203 577 2254 nodtu
589 2238 597 2263 ,
615 2204 713 2257 Cereris
722 2204 819 2273 vigiliis.

250 2302 300 2353 Sed
307 2301 347 2353 hie
358 2297 431 2356 senex
440 2300 489 2368 jam
499 2302 587 2350 clamat
594 2300 658 2353 intus
669 2337 676 2362 ,
690 2310 718 2348 ut
728 2298 800 2355 solet.

147 2394 150 2398 ’
251 2395 331 2446 Anum
342 2395 408 2445 sorae
419 2394 525 2445 extrudit
537 2428 545 2453 ‚
559 2412 591 2447 ne
600 2394 628 2445 srt
639 2394 744 2445 conscia.

248 2490 338 2550 :Credo
348 2504 431 2539 aurum
438 2488 557 2559 inspicere
567 2490 638 2547 volt,
651 2504 682 2538 ne
693 2480 826 2557 snrreptum
834 2490 890 2557 fiet,

561 2682 617 2755 dd
