2000 3650
130 275 315 358 'Aeros
348 266 411 356 II.
444 271 520 355 Sc.
551 269 614 355 II.
679 283 757 356 185

69 413 108 465 Ut
117 413 299 478 inopem‚atqne
308 407 430 458 innoxium
439 409 480 457 abs'
488 419 514 456 te
523 419 595 474 atque
604 409 645 458 abs
652 407 710 464 tuis,
720 424 758 456 me

146 486 255 535 irrideas.

71 563 136 612 Nam
146 560 176 609 de
184 571 210 607 te
221 573 300 622 neque
312 572 338 605 ro
353 571 432 622 neque
439 555 520 605 verbis
529 555 620 612 merui,
630 553 758 603 uriaceres

147 631 213 698 quod
225 631 293 685 facis.
768 650 785 695 4
792 649 804 696 5

292 701 321 752 M
329 715 345 750 ιι
354 715 373 752 o
385 718 401 751 ι
412 715 455 750 no
466 715 484 751 ιι
492 716 542 751 us.

73 784 162 846 Neque
170 777 312 843 edepolego
320 787 344 826 te
353 775 634 842 densumvenro‚neque
642 763 756 826 derideo

74 858 163 921 Neque
176 852 273 920 dignum
284 851 395 899 arbitror

343 916 389 972 Eo
398 935 436 971 ci
447 938 456 970 1
467 934 496 972 0.

278 995 341 1046 Cur
336 997 407 1062 igitur
416 995 493 1061 poscis
502 1006 579 1044 meam
590 1006 683 1062 gnatam
693 996 736 1044 ribi
746 994 757 1043 ?

292 1069 543 1119 Mnonnonus.

76 1147 112 1199 Ut
121 1153 224 1215 propter
237 1159 275 1193 ine
285 1144 328 1193 tibi
341 1142 368 1193 sit
378 1142 486 1202 melius,
504 1143 608 1208 mihique
618 1154 718 1208 propter
732 1154 759 1191 te

150 1219 252 1270 &tuos.
396 1263 397 1267 ,

342 1288 496 1340 Eueno.

76 1366 154 1425 Venit
168 1367 217 1416 hoc
232 1364 310 1415 mihi·
299 1395 306 1424 ‚
319 1365 455 1431 Megadoro
467 1395 474 1421 ,
491 1363 516 1412 in
530 1372 655 1422 mentem,
671 1374 697 1413 te
713 1361 760 1412 eise

148 1440 271 1495 hominem
281 1438 378 1488 divitem
389 1471 396 1496 ,

77 1517 95 1567 F
96 1514 226 1570 afflosnm
235 1528 273 1561 me
286 1512 343 1561 itern
356 1508 475 1560 hominem
487 1525 618 1576 pauperum
628 1494 761 1577 paoperru-

82 1619 84 1626 ·
150 1603 807 1656 1111111150

78 1656 759 1717 Nuncsifiliamlocaffimmeamtibi,inmenrernvenit,
825 1709 828 1715 ,

78 1738 117 1786 Te
133 1737 222 1785 bovem
239 1732 304 1792 effe,
324 1733 349 1782 δι
365 1749 404 1782 rne
421 1731 468 1782 esse
483 1730 580 1780 asellum
599 1746 606 1782 ε
624 1731 665 1781 obi
679 1744 762 1782 tecum

152 1805 293 1873 conjunrius
306 1804 379 1866 siem,

78 1884 129 1935 Ubi
140 1900 201 1933 onus
211 1897 328 1949 nequeam
339 1882 403 1931 ferre
412 1879 519 1947 pariter,
529 1877 623 1947 jaceam
632 1894 678 1947 ego
687 1878 763 1929 asinus

151 1957 258 2008 inloto:

78 2034 119 2083 Tu
129 2048 168 2081 me
176 2032 220 2080 bos
231 2029 304 2097 magis
317 2028 388 2078 haud
385 2026 518 2095 respicias,
534 2039 619 2097 gnatus
628 2024 691 2093 qnasi
701 2044 763 2077 nun

152 2120 221 2170 quarn
233 2103 298 2153 siem
802 2152 816 2168 ..

79 2181 111 2230 Et
121 2191 147 2228 te
159 2190 212 2227 utar
223 2178 340 2249 iniquiore
352 2210 359 2235 ,
381 2176 406 2226 δι
416 2182 483 2225 mens
494 2192 533 2225 me
546 2175 607 2225 ordo
617 2176 725 2241 irrideat,
776 2195 787 2244 5
794 2193 807 2245 5

79 2251 201 2303 Neutrubi
210 2251 310 2299 habeam
320 2240 401 2299 stabile
416 2250 547 2309 stabulum,
562 2248 644 2317 siquid
660 2236 763 2300 devortii

153 2326 214 2374 fuat
271 2353 274 2361 »

80 2398 145 2450 Asini
156 2415 195 2447 me
205 2394 349 2449 mordicibus
358 2396 481 2456 scindant,
495 2399 573 2449 boves
581 2396 702 2449 incursent
711 2415 764 2449 cor·

61 2500 62 2505 =
118 2498 121 2505 ·
154 2466 232 2521 nibus.
523 2486 528 2496 ι

81 2546 138 2598 Hoc
149 2556 259 2613 inagnum
269 2546 301 2595 est
310 2545 461 2612 periculum,
478 2560 517 2597 me
527 2546 557 2595 ab
572 2542 639 2597 asinis
649 2545 679 2595 ad
688 2546 766 2598 boves

154 2620 334 2673 transcendere.

122 2834 201 2901 Tom.
222 2836 249 2906 Ι.
