2000 3650
263 377 797 476 342¹-Concuzro,

236 519 250 568 5
263 509 356 560 Verdrn
369 543 376 568 ,
391 510 474 560 hercle
485 544 492 568 ,
505 506 567 560 v'erd
578 528 651 578 quom
661 509 726 560 belle
737 511 856 580 recogito
867 546 878 572 ,

263 583 288 632 Si
299 585 373 651 magis
384 601 421 633 me
434 584 552 634 instabunt
563 620 570 643 ‚
586 586 616 635 ad
627 584 759 635 Praetorem
771 586 900 642 sufferam.

263 657 361 707 Habent
373 657 436 706 hunc
447 673 540 708 morem
551 659 661 725 plerique
674 661 804 728 argentarii
816 695 825 720 ‚

263 731 299 780 Ut
309 731 367 780 alius
378 731 450 780 alium
461 732 563 796 poseant
575 768 582 791 ,
600 733 702 782 reddant
713 733 804 783 nemini
816 752 824 784 ε
929 728 933 736 “

263 802 351 870 Pugnis
361 820 414 852 rem
425 805 520 856 solvant
531 839 538 864 ,
557 805 574 854 sr
588 808 640 873 quis
650 807 734 872 poscat
746 805 847 863 claritis·

217 887 250 923 10
263 875 314 940 Qui
323 879 398 927 homo
408 877 503 928 matur'e
514 879 620 946 quaesrvit
629 881 756 945 pecuniam
768 915 775 940 ,

262 949 311 1001 Nifi
322 969 376 1000 earn
387 953 479 1004 mature
490 953 561 1020 parsit
572 988 579 1013 ,
598 953 690 1003 mature
699 954 782 1005 esurit.

194 1045 199 1053 ·
262 1023 344 1091 Cupio
355 1027 459 1093 aliquem
470 1045 553 1078 emere
562 1045 680 1094 puerum,
695 1027 736 1095 qui
745 1028 869 1082 usurarius

182 1151 191 1162 ,
261 1099 335 1149 Nunc
345 1101 403 1150 mihi
414 1114 543 1168 quaeratur.
556 1101 633 1151 Usu‘st
644 1102 671 1151 ὃ(
681 1103 795 1166 pecunia.

390 1215 394 1222 .
500 1174 551 1224 Cu
558 1189 577 1224 n
584 1189 602 1224 c
611 1189 631 1224 u
639 1189 654 1223 ι
662 1190 673 1223 ι
682 1189 711 1225 ο.

262 1246 304 1297 Nil
315 1260 342 1298 tu
355 1265 394 1299 me
406 1248 509 1299 laturum
520 1249 642 1298 monueris
654 1247 770 1298 :memini
783 1247 810 1298 dt
821 1246 885 1301 scio.

219 1329 249 1381 15
263 1321 317 1389 Ego
326 1322 374 1371 hoc
385 1321 496 1370 effestum
507 1321 588 1388 lepide
597 1322 642 1371 tibi
652 1323 744 1372 tradam
757 1339 764 1372 z
775 1333 845 1373 tace.

262 1395 358 1461 Edepol
368 1411 405 1444 nae
415 1405 463 1462 ego
474 1395 515 1444 hic
526 1413 565 1446 me
574 1397 638 1446 intus
651 1396 747 1462 explevi
757 1395 836 1462 probe
848 1431 858 1456 ,

262 1469 295 1518 Et
306 1469 402 1534 quidem
411 1469 498 1536 reliqui
509 1469 533 1518 in
542 1482 630 1520 ventre
642 1472 711 1520 cellae
720 1470 762 1520 uni
771 1471 857 1520 locum
867 1504 877 1530 ‚

262 1541 311 1590 Ubi
323 1533 476 1608 reliqlliarum
486 1535 600 1610 reliquias
612 1545 784 1594 reconderem.

263 1613 325 1677 Quis
334 1612 373 1666 liic
383 1615 431 1675 est,
444 1617 484 1684 qui
494 1629 583 1684 operto
590 1619 672 1685 capite
681 1615 847 1684 AEsculapium

215 1690 249 1728 ²0
263 1687 380 1740 Salutat?
398 1704 450 1742 atat
458 1709 530 1760 quern
540 1692 677 1759 quaerebam
690 1709 697 1743 z
710 1692 873 1760 sequererne.

263 1761 386 1816 Simulabo
398 1765 461 1833 quasr
470 1783 520 1817 non
529 1767 649 1817 noverim.
660 1767 732 1818 fleus
741 1779 769 1817 tu
780 1764 787 1815 l
800 1777 827 1817 te
836 1765 909 1821 volo.

552 1841 660 1893 Luem

262 1910 377 1966 Unocule
392 1912 467 1967 salve.

499 1986 715 2039 Cuncuaro

620 2063 729 2128 Quaeso,
751 2061 878 2115 deridesne
889 2080 927 2115 me
939 2060 950 2114 l

484 2150 489 2157 ·
552 2135 660 2188 Luco.
769 2171 772 2177 ,

151 2204 168 2229 ’
263 2204 304 2253 De
316 2202 438 2255 Coclitum
449 2206 560 2275 prosapia
570 2223 596 2261 te
608 2210 655 2261 else
666 2208 770 2261 arbitror
782 2226 790 2261 a

262 2277 325 2327 Nam
335 2279 352 2327 ii
362 2280 415 2331 sunt
425 2284 535 2333 unoculi.

499 2354 708 2409 concurro.

571 2431 701 2499 catapulta
710 2430 758 2483 hoc
768 2429 842 2482 illurn
851 2432 885 2483 est
894 2431 950 2485 mihi
989 2469 992 2473 -

214 2510 247 2561 25
262 2496 334 2565 Apud
346 2498 488 2571 Sicyonem.

553 2577 661 2630 Luco

502 2646 506 2654 ’
621 2654 684 2703 Nam
695 2652 751 2720 quid
761 2652 786 2702 id
795 2652 874 2705 resert
884 2672 947 2706 mea.

262 2717 302 2768 An
313 2720 366 2769 aula
377 2722 455 2788 quassa
465 2738 520 2775 eum
531 2726 613 2776 cinere
624 2726 718 2778 effoffirs
727 2724 794 2777 fiet?
878 2744 885 2759 ¹

362 2828 366 2837 ·
454 2832 457 2837 -
499 2798 669 2851 Cuncuur
682 2815 711 2852 o.

262 2864 442 2933 Superstitiosus
451 2870 491 2923 hir
500 2874 597 2940 quiden
605 2875 730 2927 eslevera
740 2872 875 2942 predicar:
911 2836 915 2847 ·
