2000 3650
229 259 321 354 378
440 250 714 331 CASJNA.

482 381 557 433 021
565 395 588 430 m
596 395 611 430 ι»
620 396 630 430 ι
641 394 671 432 ο.

229 453 332 512 Chaline¹
343 452 352 518 ζ
370 453 420 508 uon
431 451 480 507 ¹sum
491 452 540 524 ago
550 453 640 506 obiitus
650 452 758 507 officium
767 453 863 516 meum}

229 533 333 584 Praeieci
344 565 352 592 ,
365 549 420 583 rure
431 528 497 581 redii
510 531 550 598 qui
561 543 632 580 curet
642 541 737 583 tamen.

229 609 283 676 Ego
295 641 303 666 ‚
321 607 368 656 huc
378 604 443 674 quod
452 603 511 654 veni
525 603 551 654 in
561 604 646 654 urbem
657 637 665 663 ‚
683 605 725 656 ubi
734 606 924 674 impetravero,

228 681 339 731 Uxorem
348 691 376 730 ut
385 679 457 728 istanc
469 677 574 736 ducam,
590 694 661 746 quam
670 691 699 729 tu
710 680 809 747 deperis
820 715 830 741 ‚

182 760 216 798 20
228 755 319 805 Bellam
331 753 483 804 &tenellam
493 749 603 802 Cafinam
613 785 621 812 ,
637 753 779 804 conservam
788 767 859 805 tuam
869 773 878 809 z

228 827 335 892 Quando
346 843 395 894 ego
406 842 460 878 eam
467 843 565 878 mecum
573 844 614 877 rus
623 843 726 878 uxorem
733 828 865 883 abduxeto
875 863 886 892 ,

228 901 295 955 Rure
305 901 426 952 incubabo
435 900 511 968 usque
521 899 546 950 in
556 899 698 966 praefestura
708 916 773 956 mea·

471 973 679 1031 Caaa1uum

227 1050 292 1100 Tun'
304 1049 369 1101 illam
380 1049 452 1101 ducas
464 1046 475 1098 i
492 1049 576 1098 hercle
587 1065 625 1097 me
637 1047 784 1115 suspendio,

229 1123 311 1188 Quian
320 1135 348 1176 tu
360 1123 414 1191 ejus
422 1123 517 1190 potitor
526 1120 570 1173 sm
582 1155 590 1180 ‚
606 1121 678 1172 satius
688 1121 723 1172 est
732 1134 869 1176 mortuum.

479 1195 506 1248 O
513 1211 528 1247 ι
535 1212 554 1247 τ
562 1210 586 1244 m
593 1210 628 1246 ax
640 1209 670 1247 0.

180 1287 196 1322 2
201 1288 213 1337 5
227 1271 287 1324 Mea
298 1271 378 1340 praeda
387 1271 420 1322 est
430 1270 470 1320 illa
483 1286 490 1320 ι
503 1270 581 1336 proin'
588 1283 617 1320 tu
626 1279 652 1320 te
663 1270 688 1320 in
698 1271 813 1338 laqueum
820 1271 923 1329 induas.

470 1341 518 1393 Ca
528 1361 547 1394 A
555 1359 571 1392 ι
580 1360 590 1393 ι
600 1359 619 1394 u
627 1357 646 1393 u
656 1338 685 1394 ς(

226 1419 265 1470 Ex
274 1415 421 1486 sterquilinio
431 1415 533 1478 effossa,
555 1427 597 1467 tua
608 1418 671 1468 illaec
683 1416 765 1486 ptaeda
776 1415 828 1468 fit?

265 1505 275 1518 ¹
480 1490 669 1543 Ounno.

228 1565 296 1616 Scies
305 1565 353 1616 hoc
363 1564 398 1614 ita
409 1562 457 1615 effe
471 1580 479 1617 z
490 1582 529 1616 ve
539 1566 584 1615 tibi
595 1564 603 1614 i
617 1578 677 1632 quot
687 1577 714 1616 te
724 1566 821 1628 modis,

227 1640 253 1691 si
262 1640 320 1690 vivo
330 1672 340 1698 ,
353 1639 451 1704 habgbo
461 1638 486 1690 in
497 1639 586 1707 nuptiis
596 1639 708 1690 miserum
717 1640 778 1694 meis
788 1637 800 1690 i

468 1713 678 1767 Caudinum

227 1785 296 1854 Quid
303 1799 331 1843 tu
339 1787 398 1851 mii
407 1787 481 1841 facies
493 1785 505 1837 i

474 1860 501 1915 0
510 1876 525 1911 ι
533 1876 551 1912 γ
558 1875 583 1912 m
591 1876 606 1913 1·
615 1877 626 1911 1
636 1874 667 1914 ο.

561 1935 647 2004 Egone
658 1934 670 1986 i
688 1934 746 2003 quid
754 1934 842 1987 faciam
852 1934 920 1990 tibi?

179 2018 215 2073 30
227 2007 332 2061 Primum
341 2007 446 2061 omnium
453 2008 512 2061 huic
519 2010 612 2062 lucebis
620 2027 692 2061 novae
700 2023 781 2078 nupta
790 2011 883 2067 dacem.

227 2082 322 2135 Postilla
332 2118 340 2143 ‚
358 2096 386 2133 ut
395 2084 488 2149 semper
498 2083 621 2150 improbus
631 2084 739 2151 nihilque
750 2082 788 2135 fis.

227 2156 282 2207 Post
290 2157 315 2207 id
322 2158 451 2216 locorum,
468 2158 565 2225 quando
576 2158 608 2208 ad
615 2158 696 2210 villam
704 2157 820 2219 venetis,

227 2230 332 2281 Dabitur
342 2230 385 2281 tibi
395 2231 511 2299 amphora
521 2249 568 2283 una
578 2265 586 2292 ,
602 2233 628 2283 δι
636 2248 685 2283 una
696 2231 778 2282 semita
789 2265 797 2291 ,

227 2304 292 2355 Fons
301 2321 379 2364 unus,
396 2321 470 2356 unum
480 2306 601 2365 ahenum,
618 2306 644 2357 &
654 2305 710 2357 ouo
720 2306 784 2356 dolia
797 2320 805 2357 z

180 2386 214 2441 35
230 2377 292 2443 Quae
300 2376 341 2429 niii
348 2391 419 2429 erunt
428 2379 610 2447 semperpieuau
618 2396 667 2449 ego
674 2391 700 2430 te
709 2380 814 2446 implebo
823 2378 918 2449 flagris.

229 2452 266 2503 lta
274 2464 300 2503 te
309 2453 447 2521 aggerunda
456 2470 557 2505 curvom
565 2471 626 2520 aqua
635 2454 721 2505 faciam
728 2454 823 2520 probe,

230 2526 267 2577 Ut
276 2526 391 2593 postilena
400 2526 471 2594 poffit
483 2544 514 2577 ex
524 2538 550 2578 te
560 2526 622 2578 fieri.

231 2598 286 2650 Post
296 2613 376 2652 autem
387 2635 395 2661 ,
407 2602 458 2653 ruri
468 2600 510 2651 nifi
518 2613 547 2652 tu
556 2617 641 2653 ervom
650 2600 786 2652 comederis
795 2616 806 2660 ς

229 2672 280 2724 Aut
290 2706 297 2732 ,
313 2673 376 2741 quafi
384 2675 514 2727 lumbricus
524 2708 532 2735 ,
546 2687 636 2727 terram
646 2691 654 2726 τ
664 2676 730 2742 quod
737 2687 763 2725 te
772 2672 879 2740 postules

180 2760 215 2809 40
231 2744 333 2800 Gustare
342 2748 486 2817 quicquam
498 2767 619 2820 nunquam
626 2749 716 2817 edepol
723 2747 843 2819 jejunium
