2000 3650
211 367 289 418 22
344 335 867 420 Αειηι».ιιιτιηιε)ΝιςΨἹΙᾸ

211 469 324 540 Quasi
317 473 427 522 incudem
437 489 475 522 me
486 467 596 523 miserruu
605 473 713 548 homines
724 473 780 523 otto
791 434 864 527 validi
875 492 927 531 εει-ι

209 560 212 578 2
309 544 434 604 dmt,iu
483 597 484 600 ,

210 617 340 686 Peregre
353 618 482 669 adveniens
493 617 596 685 hospitio
606 619 734 686 publicitus
744 620 868 690 accipiar,

236 691 296 741 Haec
307 691 359 742 heri
369 691 515 743 immodestia
528 693 625 759 coegit,
639 710 677 742 rue
688 711 728 760 qur
722 695 787 745 hoc

191 771 223 808 to
236 764 320 813 Noltrs
331 781 344 813 a
358 777 429 830 portu
443 765 540 832 ingratis
553 767 677 816 excitavit.
865 824 876 834 Α

209 829 325 886 Nonne
339 837 402 887 idem
412 839 460 888 hoc
472 837 531 888 lutis
542 855 580 886 me
594 840 690 889 mittere
696 837 805 905 potuit?
920 834 923 842 ’

208 905 364 994 Opulento
373 911 463 960 homini
474 911 522 960 hoc
535 913 608 978 magis
619 912 718 962 servitus
731 913 788 963 dura
799 911 850 973 ell3

236 983 292 1032 Hoc
302 984 377 1050 magis
388 984 457 1034 miser
470 983 504 1034 est
513 985 592 1034 divitis
606 985 697 1036 servos.

205 1056 373 1122 Nodlesque
386 1058 480 1124 diesque
492 1057 580 1107 assiduo
591 1058 644 1110 satis
655 1060 771 1125 superque
783 1059 831 1118 est,

191 1137 230 1186 15
237 1128 295 1192 Quo
306 1129 369 1179 fatto
381 1143 422 1180 aut
433 1131 496 1180 disto
508 1130 571 1179 adest
581 1148 657 1197 opus,
668 1131 763 1196 quietus
774 1148 804 1180 ne
813 1131 853 1182 fir.
917 1124 921 1167 ἶ

231 1201 288 1268 lpse
299 1202 408 1254 dominus
421 1204 487 1254 dives
498 1204 595 1268 operis,
611 1203 636 1252 ἃ
647 1204 734 1252 laboris
745 1220 847 1268 expers,

205 1271 206 1276 ’
235 1275 406 1342 Quodcunque
416 1276 507 1324 homini
518 1274 604 1324 accidit
614 1275 704 1333 libere,
715 1274 782 1340 poffe
792 1287 877 1335 retur,

234 1346 340 1414 AEquom
351 1347 397 1398 esse
408 1360 477 1414 putat
490 1365 495 1398 :
509 1363 558 1400 non
567 1360 663 1413 reputat
673 1348 761 1398 laboris
772 1347 828 1414 quid
837 1348 864 1397 fit
875 1366 889 1413 5
899 1407 905 1414 ,

235 1423 305 1478 Nec,
317 1437 410 1486 aequom
421 1439 482 1470 aune
494 1421 599 1486 iniquom
609 1422 726 1487 imperet,
741 1423 868 1489 cogitabit.

188 1501 223 1539 20
236 1494 299 1560 Ergo
311 1494 337 1542 irr
346 1493 460 1543 servitute
474 1505 592 1560 expetunt
604 1496 678 1543 multa
684 1493 785 1562 iniqua·

235 1566 377 1617 Habendum
391 1566 416 1618 δι
430 1567 556 1618 ferundum
566 1567 614 1616 hoc
627 1584 688 1619 onus
699 1569 732 1619 est
745 1585 799 1619 cum
809 1570 905 1621 labore.

457 1637 725 1694 Meucuuioi

235 1712 313 1766 Satius
326 1713 359 1764 est
369 1729 407 1764 me
419 1731 486 1782 queri
479 1714 538 1766 'illo
552 1715 625 1765 modo
635 1716 800 1768 servitutem:
812 1717 905 1777 hodie,

235 1786 308 1852 Quis
306 1787 381 1839 uerim
392 1788 470 1849 liber,
483 1806 538 1840 eum
548 1805 611 1840 nunc
610 1789 709 1867 potivit
719 1801 788 1857 pater

234 1860 382 1912 Servitutis:
395 1863 451 1922 hic,
466 1853 729 1931 quivernaria'tusest,
744 1863 860 1931 queritru.

188 1943 204 1981 2
208 1943 220 1994 5
235 1932 292 1985 Sum
304 1932 365 1986 verd
375 1952 450 1987 verna
463 1938 578 1988 verbero.

515 2010 644 2061 Sosio.

526 2082 635 2132 Numero
645 2081 702 2132 mihi
712 2082 737 2132 iu
747 2095 852 2133 mentem
863 2082 924 2143 fuit,

235 2150 282 2205 Dis
298 2151 466 2205 advenientem
481 2155 567 2223 gratias
584 2173 628 2223 pro
644 2156 735 2207 meritis
745 2172 838 2225 agere,
851 2169 926 2224 atque

308 2228 406 2294 alloqui.

236 2300 281 2351 ΝΞ
300 2301 333 2351 illi
353 2300 468 2366 edepol,
496 2299 514 2350 fi
533 2302 620 2352 merito
637 2318 693 2352 meo
708 2304 802 2352 referre
815 2268 927 2355 studeant

338 2375 416 2433 arias,

236 2390 416 2512 Aliquiin
365 2446 486 2496 hominem
502 2448 624 2515 allegent,
640 2447 679 2515 qui
692 2466 724 2498 mi
716 2446 879 2498 advenienti
896 2466 926 2502 os

311 2520 408 2570 occillet
419 2518 496 2585 probi
509 2536 517 2578 3

238 2588 360 2655 Quoniam
371 2594 433 2642 bene
445 2608 497 2658 quae
509 2595 534 2643 iu
542 2609 582 2642 rue
592 2593 722 2652 iecerunt,
734 2592 828 2663 ingrata
840 2610 870 2644 ea
881 2596 926 2645 he·

309 2663 350 2713 bui
359 2676 432 2731 atque
441 2666 517 2715 irrita.

391 2742 394 2747 '
457 2738 698 2790 Mrueuuiuo

236 2809 303 2861 Facit
314 2809 372 2867 ille,
391 2810 455 2876 quod
465 2810 540 2881 volgi>
556 2814 619 2864 haud
631 2814 728 2874 solent,
745 2824 773 2864 ut
789 2810 845 2881 quid
856 2812 880 2865 se
897 2813 925 2866 lit

188 2893 223 2947 30
308 2884 501 2969 dignumsciat.
