2000 3650
147 279 316 362 Acws
347 276 429 363 IV.
460 278 538 364 Sc.
569 277 609 366 Ι.
670 313 762 392 4²7

327 415 368 466 Su
376 430 393 465 n
403 430 437 465 nr
448 430 465 466 n
476 429 506 470 ο.
521 452 524 460 ,

217 487 312 544 Verum
324 491 331 540 i
343 488 425 558 morsu.
521 481 525 511 ²

262 609 266 618 .
327 564 505 617 Onrrurro.

390 640 415 690 Si
424 652 450 690 tu
458 638 530 707 jubes
540 674 548 700 ,
560 638 658 693 inibitur
667 655 760 698 tecum.

83 825 757 885 *Qu—.-

127 979 347 1077 ACT
391 981 506 1074 US
572 986 702 1086 IV.

248 1174 481 1260 SCENA
539 1176 578 1264 I.

225 1357 614 1418 PARDALISCA.

72 1463 382 1595 Nrcpolegouemeae
390 1530 474 1590 credo,
483 1547 563 1598 neque
570 1547 618 1600 ego
626 1530 758 1603 Olympiae,

73 1603 160 1668 Neque
171 1601 268 1668 usquam
279 1603 349 1654 ludos
359 1615 408 1653 tum
418 1605 516 1655 festivos
525 1605 579 1655 fieri
590 1639 598 1665 ,

74 1673 153 1740 Quum
163 1674 202 1726 hsc
212 1676 276 1726 intus
284 1675 403 1726 fiunt-ludi
412 1677 570 1730 ludificabiles

74 1750 132 1802 Seni
142 1749 240 1809 nostro,
258 1749 284 1800 δι
293 1750 374 1801 nostro
383 1750 526 1819 Olympioni
537 1752 631 1808 villico.

74 1823 167 1877 Omnes
178 1823 289 1881 festinant
297 1826 361 1876 intus
370 1828 429 1877 totis
440 1826 548 1880 aedibus:
772 1849 786 1900 5

74 1900 154 1951 Senex
164 1900 189 1951 in
201 1900 280 1950 culina
291 1901 378 1951 clamat
389 1934 396 1961 ‚
413 1901 526 1951 hortatur
537 1918 612 1955 cocos
623 1919 631 1954 t

74 1973 142 2039 Quin
152 1975 220 2043 agitis
230 1973 303 2025 hodie
315 1972 325 2023 ἓ
339 1976 396 2044 quin
405 1976 483 2034 datis,
500 1975 583 2045 srquid
591 1975 673 2029 datis?

74 2047 207 2115 Properate
218 2064 225 2101 ε
237 2049 377 2119 cenamjam
386 2049 432 2101 esse
443 2050 536 2101 cossam
544 2053 662 2119 oportuit.

72 2124 177 2174 Villicus
186 2124 226 2174 hic
235 2135 317 2175 autem
329 2143 382 2176 cum
394 2142 504 2186 corona,
522 2127 624 2177 candide
729 2188 733 2192 ,

73 2198 199 2259 Vestitus,
216 2196 299 2259 laute,
316 2201 492 2267 exornatusque
507 2202 622 2251 ambulat.
772 2206 808 2246 10

74 2274 127 2323 111ae
141 2285 221 2325 autem
229 2273 253 2323 in
263 2275 375 2324 cubiculo
386 2275 528 2341 armigerum
537 2288 624 2326 ornant
635 2309 643 2335 ,

75 2346 158 2411 Quem
167 2346 225 2397 dent
233 2364 278 2413 pro
288 2347 371 2399 cafina
380 2359 480 2413 nuptum
489 2348 577 2400 nostra.

74 2421 124 2471 Sed
132 2421 229 2473 nimium
238 2421 317 2487 lepide
327 2420 467 2472 diffimulant

74 2496 139 2546 Fore
147 2493 219 2561 hujus
228 2496 292 2564 quod
300 2497 406 2547 futurum
415 2495 457 2547 est.
471 2494 553 2563 Digne
562 2507 643 2545 autem
653 2493 724 2562 coqui

75 2571 152 2621 Nimis
161 2570 241 2637 lepid'e
250 2571 274 2621 ei
281 2571 317 2621 rei
327 2573 384 2621 dant
394 2587 493 2637 operum
503 2604 510 2629 ,
527 2587 558 2620 ne
570 2583 643 2620 cenet
652 2569 733 2620 senex.
775 2576 805 2627 ¹5

74 2643 151 2695 Aulas
160 2658 321 2711 pervortunt,
335 2646 415 2713 ignem
423 2644 650 2712 restinguuntaqua.

74 2719 173 2769 Illarum
182 2731 251 2771 oratu
259 2720 360 2771 faciunt.
372 2720 424 2787 11qu
431 2730 513 2770 autem
522 2719 602 2769 senem

74 2793 185 2863 Cupiunt
194 2794 323 2847 extrudere
334 2794 473 2845 incenatum
484 2810 514 2844 ex
525 2794 614 2844 aedibus
627 2809 635 2850 ;

603 2868 626 2916 N
642 2884 657 2915 n
671 2866 687 2935 ij
