2000 3650
116 319 301 418 ,Acws
325 316 393 402 II.
418 317 457 400 S
462 347 524 400 c...
538 318 642 404 VII.
678 354 766 430 ιθ]

74 450 137 508 Pete
151 473 158 508 τ
170 457 223 507 haec
232 447 265 508 est
275 475 348 524 parva
360 491 367 515 ,
380 474 467 522 capere
478 463 528 508 non
538 459 597 524 quit.

99 551 101 558 ,
315 527 494 582 ·Ευοιιο.
641 567 646 574 -

621 605 671 657 Hei
681 606 756 657 mihi!

75 671 140 727 Perii
150 677 233 728 hercle
247 687 254 728 ὲ
268 695 351 728 aurum
361 677 470 744 rapitur,
487 678 541 728 aula
552 679 675 746 quaetitura

74 751 193 802 Nimirum
204 751 304 802 occidor
316 785 323 810 ,
344 749 383 801 nisi
396 767 442 818 ego
453 742 516 802 intro
527 753 575 802 huc
586 745 694 820 propere*
701 771 760 820 pro⁴
856 804 859 813 ,

147 842 207 889 pero
224 842 332 883 currete.
425 865 430 872 .
496 868 499 873 .

73 896 185 963 Apollo,
202 899 298 964 quaeso,
317 895 414 948 subveni
428 897 486 948 mihi
498 920 506 957 ‚·
522 912 593 966 atque
609 898 716 966 adjuva:

73 968 178 1038 Confige
190 971 278 1037 sagittis
288 972 353 1020 fures
364 971 524 1022 thesaurarios
536 989 543 1021 :
769 977 784 1016 2
789 979 802 1031 5

72 1044 119 1093 Cui
131 1044 192 1093 inre
207 1044 249 1092 tali
263 1043 311 1110 jam
326 1044 449 1100 subvenisti
464 1046 586 1096 antidhat.

71 1118 121 1168 Sed
131 1115 194 1170 cesso
205 1115 287 1182 ptids,
307 1121 375 1185 qudm
386 1118 482 1184 prorsus
493 1119 570 1184 perii,
584 1118 702 1169 currere?

104 1277 119 1310 fl
167 1275 235 1286 fi.
322 1279 325 1284 .

146 1437 193 1538 A
234 1444 358 1537 CT
398 1445 441 1538 U
481 1441 510 1536 S
586 1443 674 1541 II.

182 1633 425 1719 scENA
489 1633 638 1764 ΠΗ.

149 1821 673 1890 ANTHRAx.eoQui

313 1978 507 2047 Auium.

66 2065 128 2175 D
137 2136 155 2173 R
165 2135 181 2174 0
191 2139 214 2174 M
224 2137 241 2177 0
254 2160 261 2184 ,
281 2120 406 2193 desquama
416 2120 491 2192 pisces
506 2142 514 2176 ε
524 2137 551 2175 tu
561 2117 694 2176 Machaerio
706 2160 713 2185 ,

67 2197 192 2266 Congrum
204 2228 211 2257 ‚
221 2218 354 2271 ,muraenam
366 2234 374 2259 ,
392 2201 509 2251 exdorsua
520 2197 633 2266 qudntdrii
644 2213 723 2265 potes.

65 2274 148 2337 Atque
160 2272 255 2333 omnia,
273 2274 328 2323 dum
338 2274 417 2323 absum
427 2274 482 2325 hinc
494 2307 501 2332 ,
518 2272 620 2322 exossata
632 2274 670 2322 fac
681 2273 749 2326 sient.

65 2345 120 2412 Ego
130 2346 187 2395 hinc
197 2359 315 2413 artoptam
327 2364 358 2397 ex
368 2364 485 2412 proxumo
495 2346 609 2395 utendam
619 2359 678 2411 peto

65 2417 87 2467 A
100 2412 251 2486 Congrione.
264 2418 303 2469 Tu
316 2420 382 2469 istum
395 2414 500 2487 gallum,
515 2417 531 2467 fi
543 2418 602 2484 sapis
614 2452 622 2477 ,
763 2421 780 2479 5

66 2492 220 2545 Glabriotem
230 2492 318 2543 reddes
328 2493 385 2542 mihi
395 2528 403 2552 ,
422 2496 492 2560 quim
501 2492 581 2542 volsus
591 2490 693 2542 ludiu’st.

65 2566 114 2615 Sed
124 2566 179 2633 quid
188 2566 236 2614 hoc
247 2567 357 2616 clamoris
369 2567 445 2617 oritur
453 2567 509 2615 hinc
519 2582 549 2615 ex
558 2581 676 2632 proxumo
689 2563 700 2615 ἒ

66 2637 147 2705 Coqui
156 2640 240 2688 hercle
252 2672 259 2698 ‚
276 2640 367 2699 credo,
386 2636 476 2690 faciunt
487 2636 591 2689 officium
602 2638 676 2691 suum.

65 2710 163 2781 fugiam
174 2710 238 2765 intro
249 2743 257 2775 ,
272 2731 303 2765 ne
315 2713 371 2783 quid
380 2712 419 2766 hic
429 2715 506 2766 tutbae
515 2710 560 2765 fiat
568 2712 660 2765 itidem.

618 2880 679 2951 Μ)
