2000 3650
196 323 270 380 riv
302 299 607 382 CASINAM.
668 308 756 404 375

62 430 119 486 Dat
127 433 193 486 herte
204 433 266 495 suae,
280 445 351 494 orat,
362 444 391 485 ut
401 449 455 484 eam
465 449 555 497 curet,
567 437 667 490 educet.

62 524 158 576 Heras
146 526 220 588 facit,
239 527 352 580 educavit
363 545 450 598 magna
436 527 594 589 industria
746 503 801 581 '45

65 619 142 685 Quasi
152 593 168 671 si
178 611 237 672 esset
246 639 277 672 ex
287 622 310 672 se
322 633 378 671 nata
390 653 397 680 ‚
410 637 460 670 non
471 596 554 672 multd
560 619 637 673 sectis.

65 713 194 781 Postquam
204 713 312 766 adolevit
321 717 352 766 ad
362 732 415 767 eam
426 728 522 766 aetatem
532 747 540 774 ,
557 714 593 763 uti
603 714 660 766 viris

66 807 169 860 Placere
179 807 265 876 posset.
280 807 315 858 At
326 823 379 860 eam
389 809 494 875 puellam
504 805 544 857 bic
556 804 629 857 senex

66 901 141 953 Amat
153 901 274 972 efflislim,
292 901 318 954 δι
327 901 387 953 item
396 916 481 955 contra
491 901 566 954 filius.

66 993 189 1045 Sibinunc
199 1006 300 1062 uterque
311 1007 396 1048 contra
405 996 516 1066 legiones
524 1005 611 1062 parat,
734 981 738 988 ¹
770 995 803 1046 5⁰

66 1085 141 1139 Pater
152 1085 259 1162 filiusque
269 1120 276 1148 ,
294 1089 355 1138 clam
366 1090 427 1140 alter
438 1092 551 1141 alterum.

67 1178 141 1232 Pater
155 1180 270 1257 allegavit
281 1181 405 1242 villicum,
420 1181 460 1250 qui
472 1183 587 1250 posceret

69 1276 121 1327 Sibi
130 1275 195 1326 istam
205 1290 306 1326 uxorem
319 1291 326 1326 ε
337 1275 355 1325 is
366 1255 445 1342 sperat
456 1309 463 1336 ,
482 1273 497 1324 sn
510 1275 534 1325 ei
544 1272 636 1324 sedata
646 1303 655 1330 ‚
743 1315 746 1322 .

68 1369 119 1420 Sibi
127 1369 181 1420 sore
190 1351 284 1436 paratas
294 1400 302 1426 ,
321 1368 382 1416 clam
390 1384 491 1418 uxorem
501 1401 509 1427 ‚
529 1365 641 1416 excubias
650 1362 719 1416 soris.

68 1463 143 1515 Filius
152 1440 235 1514 adrem
246 1460 390 1526 armigerum
399 1459 515 1528 allegavit
525 1459 609 1519 suum,
770 1465 801 1515 55

68 1553 120 1618 Qui
129 1555 170 1606 fibi
182 1573 235 1608 eam
244 1568 346 1608 uxorem
356 1554 447 1620 poscat.
460 1553 531 1615 Scit,
549 1556 598 1607 fiid
605 1556 736 1620 impetret,

68 1650 201 1708 Futurum,
220 1649 285 1716 quod
294 1659 359 1696 amat
370 1680 378 1707 ,
396 1648 458 1697 intra
467 1650 595 1716 praesepeis
603 1649 665 1699 suas.

68 1742 139 1792 Uxor
147 1741 207 1792 senis
217 1739 318 1791 senfit'
295 1757 373 1790 virum
382 1741 457 1790 amori
466 1757 564 1808 operam
574 1740 630 1791 dare
641 1775 649 1803 ‚

69 1839 203 1906 Propterea
211 1839 259 1887 und
269 1837 390 1887 consentit
400 1854 453 1887 cum
462 1834 523 1885 filio.

68 1935 113 1985 llle
123 1946 204 1983 autem
214 1931 337 2001 postquam
347 1928 416 1979 sensrt
426 1927 501 1979 filium
512 1889 578 1981 sunm
769 1926 804 1976 60

69 2026 177 2078 Eandem
187 2026 250 2077 illam
259 2041 339 2075 amare
351 2058 358 2084 ,
378 2024 404 2075 δι
414 2022 460 2075 esse
471 2022 645 2092 impedimento
653 2017 712 2080 lbi,

70 2120 135 2170 Hinc
143 2118 323 2169 adolescentem
332 2116 436 2187 peregr'e
446 2117 568 2185 ablegavit
576 2128 655 2182 pater.

70 2212 156 2263 Sciens
166 2208 218 2277 ejus
227 2224 304 2262 mater
314 2212 337 2263 ei
347 2213 389 2262 dat
397 2226 497 2278 operam
509 2243 517 2269 ,
529 2208 620 2258 absenti
630 2221 720 2284 tamen.

68 2306 112 2366 Is,
127 2320 158 2355 ne
169 2304 309 2371 exspectetis
321 2338 329 2365 ,
345 2304 417 2355 hodie
427 2304 451 2353 in
461 2304 507 2352 hae
518 2301 638 2352 comoedia

70 2399 100 2451 ln
110 2400 196 2449 urbem
206 2417 254 2452 non
263 2399 352 2452 redibit
361 2416 369 2452 t
380 2398 480 2451 Plautus
489 2396 567 2447 noluit
578 2411 586 2446 ε
769 2393 803 2457 65

71 2493 176 2546 Pontem
189 2494 334 2561 interrupit,
352 2492 393 2561 qni
408 2502 461 2542 erat
472 2490 496 2540 ei
505 2490 531 2543 in
541 2493 640 2543 itinere.

71 2586 134 2638 Sunt
142 2584 182 2637 hic
192 2620 200 2645 ,
214 2605 275 2655 quos
285 2587 360 2640 credo
370 2604 434 2638 nunc
442 2586 506 2637 inter
514 2587 538 2637 se
547 2586 629 2635 dicere
639 2596 648 2634 t

72 2680 164 2745 Quaeso
174 2682 292 2741 ‚hercle,
309 2682 365 2751 quid
374 2680 430 2732 istuc
440 2680 474 2731 est
484 2678 495 2729 ἒ
506 2678 602 2729 serviles
611 2671 720 2742 nuptie?

72 2773 403 2835 Servineuxoremdncent,
420 2784 462 2824 aut
470 2771 572 2841 poscent
581 2766 642 2819 fibil
