2000 3650
235 347 288 419 14
368 317 775 404 Anpmrnoonn

229 455 278 507 Eos
299 457 366 524 legat
382 454 497 506 Telebois
514 487 532 515 ,
544 453 615 523 jubet
633 454 775 506 sententiam
791 465 820 504 ut
837 450 922 504 dicant

183 535 216 584 50
229 601 254 652 Si
247 530 383 654 'finesubimbt
398 600 446 653 sure
462 602 528 652 bello
539 600 616 682 velint
629 563 697 668 rapta
707 600 734 654 ὅ(
746 612 921 668 raptoreetra-

227 749 254 799 Si
269 677 502 816 quzeffportaffenn
516 748 667 808 redderent;
682 748 706 800 se
721 746 856 799 exercimm
871 764 919 799 ex·

298 821 390 890 templb
404 823 500 873 domum

226 893 406 983 Reduflurum,
420 896 527 948 abituros
535 912 594 964 agro
605 895 728 962 Argivos,
743 910 830 962 pacem
841 906 918 961 atque

225 1041 292 1095 Dare
300 983 412 1094 ffilmsm
426 1031 495 1094 aliter
508 1041 568 1094 fient
576 1041 688 1120 animati,
699 1057 779 1108 neque
790 1041 849 1092 dent
859 1059 916 1108 quae

226 1187 306 1242 Sese
296 1129 467 1259 1ἰξιῐιῖιίιῑιίιιιιιιιιι
482 1208 508 1240 vr
500 1189 624 1256 'virisque
635 1204 720 1240 eorum
735 1187 851 1256 oppidum
867 1206 914 1239 ex-

179 1286 210 1336 55
296 1265 446 1332 pugneisere.

223 1335 283 1386 Haec
296 1339 337 1422 ubi
347 1338 461 1388 Telebois
472 1337 572 1386 ordine'
566 1348 681 1386 iterarunt
683 1351 753 1402 ‚quos
766 1298 913 1402 praefecerat

222 1482 341 1548 Superbi,
353 1483 420 1534 nimis
436 1484 552 1533 ferociter
561 1485 654 1550 legatos
664 1483 777 1533 nostros
770 1496 910 1548 rncrepant.

222 1554 912 1623 Respondent‚bellose&suoetutaripoiie:proindeuti

173 1627 208 1680 60
220 1627 326 1694 Propere
338 1631 368 1680 de
378 1629 463 1681 finibus
474 1631 519 1679 suis
531 1630 651 1679 exercitus
661 1629 819 1682 deducerent.

220 1701 279 1752 Here
289 1703 330 1752 urbi
339 1703 412 1771 legati
421 1704 561 1770 pertulere,
571 1699 715 1768 Amphitruo
725 1719 739 1753 e
749 1703 829 1754 eastris
838 1702 910 1760 illice
922 1732 928 1742 ·

219 1773 334 1829 Producit
351 1794 447 1829 omnem
462 1777 618 1852 exercitum:
637 1788 722 1827 contra
736 1775 854 1828 Teleboae
874 1795 909 1867 ex

241 1869 247 1893 ι
290 1852 381 1919 oppido

217 1922 337 1992 Legiones
345 1927 451 1977 educunt
457 1925 542 1983 suas
519 1924 586 1975 mmis
593 1923 697 1991 pulchris
704 1923 773 1974 armis
777 1924 905 1990 preditos.

217 1996 342 2085 Postquam
352 2002 463 2067 utrinque
473 2000 563 2049 exitum
575 1998 608 2047 est
618 2012 728 2047 maxume
739 1998 829 2065 ceptae

170 2065 203 2129 65
216 2071 263 2120 Dis
260 2074 341 2137 pertiti
350 2074 411 2132 viri,
431 2072 547 2139 dispertiti
558 2071 674 2123 ordines·

214 2145 268 2197 Nos
284 2146 374 2215 nostrae
390 2163 458 2197 more
473 2146 553 2197 nostro
569 2145 595 2196 δι
612 2145 685 2196 modo
700 2144 848 2197 iustnm'mue
864 2147 904 2197 le·

287 2220 384 2287 giones.

195 2315 200 2321 ·
195 2290 276 2348 Item
285 2293 364 2344 hostes
376 2306 460 2344 contra
472 2294 582 2363 legiones
593 2294 643 2345 suas
654 2292 779 2345 instruunt.

213 2366 316 2417 Deinde
312 2368 414 2434 utrique
423 2369 581 2434 imperatores
591 2368 615 2417 in
624 2368 729 2417 medium
738 2378 830 2418 exettnt
839 2398 850 2427 ,
921 2364 928 2407 ἶ

213 2440 287 2491 Extra
296 2443 389 2491 turbam
403 2443 513 2492 ordinum
523 2444 694 2511 colloquuntur
702 2440 792 2493 fimul·

165 2525 200 2574 70
213 2512 350 2575 cenvenit,
361 2516 416 2567 viui
427 2529 474 2567 utri
467 2516 527 2567 'sint
537 2532 570 2566 eo
583 2517 719 2582 emelim·
814 2519 817 2525 '

211 2586 304 2639 Urbem
315 2607 432 2659 ,agrum‚
444 2609 514 2649 aras,
526 2590 595 2641 focos
605 2590 678 2656 seque
688 2602 723 2639 uu
716 2589 861 2641 dederent.

211 2652 438 2728 Postqutmrdadiu
439 2664 487 2722 est
497 2665 571 2714 tube
567 2664 684 2729 utrmque
693 2676 800 2713 canunt
803 2672 898 2714 eontra

211 2733 335 2785 Consonat
346 2749 430 2787 terra:
444 2740 574 2787 clamorem
586 2738 697 2802 utrinque
709 2736 823 2795 efferunt.

209 2808 343 2875 Imperetur
353 2811 463 2879 utrinque
474 2812 529 2861 hinc
540 2810 707 2870 &dunelmi
