2000 3650
242 294 333 370 526
391 281 773 367 Epzozcvs.

240 422 326 476 Meum
337 419 488 472 exenteravit
499 418 612 485 Epidicus
622 417 776 485 marsupium.

482 493 500 543 F
510 508 520 541 1
530 506 549 542 u
558 507 568 542 ι
578 505 613 541 οι
625 503 644 540 u
653 504 681 542 u.

191 589 225 641 75
240 568 301 620 Haee
309 565 340 619 fic
350 567 430 619 audivi
442 581 449 617 ε
461 565 569 632 nunquid
578 581 617 614 me
626 565 664 614 vis
672 575 782 616 ceterum
792 561 807 617 ἓ
877 563 880 577 '

454 638 706 690 Punienuuun
746 635 750 642 ’

239 715 309 767 Malo
319 713 428 766 truciatu
437 725 464 765 ut
472 729 577 778 pereas,
590 725 662 779 atque
673 713 746 768 abeas
756 708 821 768 citt.

479 788 517 837 F1
527 799 547 836 n
556 802 567 836 1
576 799 613 837 cx
624 800 643 835 u
652 800 683 837 Α.

240 860 320 915 Fideis
332 877 382 913 nou
395 861 476 913 reddis
488 859 499 910 ἔ
629 865 633 872 ’

457 933 527 986 Pnn
535 948 546 982 1
555 947 596 982 uu
604 946 650 982 uu
659 945 676 982 ι
684 946 709 983 ς.

546 1008 634 1073 Neque
644 1005 715 1056 {ideis
724 1039 732 1065 ‚
751 1021 836 1075 neque
846 1005 930 1062 tibias.

239 1079 346 1150 Propera
356 1081 428 1152 igitur
438 1081 525 1150 fugere
534 1081 590 1130 hinc
601 1113 610 1140 ,
626 1078 644 1129 fi
654 1091 682 1130 te
691 1080 734 1130 Dii
744 1092 838 1133 amant.

338 1155 342 1166 '
481 1156 681 1206 mecuuu.

820 1227 928 1281 Abiero.

238 1301 341 1370 flagitio
353 1319 407 1354 cum
417 1299 509 1368 majore
519 1300 571 1367 post
581 1300 669 1351 reddes
679 1312 771 1353 tamen.

454 1373 472 1424 P
481 1387 497 1422 ε
506 1389 542 1423 ux
552 1389 592 1423 nu
602 1389 620 1424 Α
629 1390 648 1424 u
657 1387 673 1424 n
682 1389 706 1424 s.

190 1445 224 1498 80
240 1445 306 1510 Quid
315 1463 379 1498 nunc
389 1445 399 1497 i
410 1448 450 1515 qui
458 1449 482 1496 in
491 1447 564 1497 tantis
572 1447 662 1514 positus
671 1448 720 1497 sum
729 1447 854 1499 sententiis
865 1464 875 1501 ε

238 1521 330 1570 Eumne
340 1537 387 1589 ego
395 1520 467 1570 finam
474 1519 592 1587 impune?
603 1517 652 1571 imd
663 1517 752 1571 etiamsi
761 1522 868 1572 alterum

236 1593 342 1644 Tantum
349 1595 498 1662 perdundum
508 1595 541 1644 eii
550 1629 558 1654 ,
567 1592 752 1662 perdampotius
760 1627 769 1653 ,
776 1599 848 1662 qudm
855 1595 929 1647 finam

236 1667 281 1718 Me
291 1667 388 1734 impun'e
397 1667 494 1719 irrisum
499 1667 547 1718 ess'e
556 1668 662 1718 habitum
672 1696 681 1726 ‚
698 1669 872 1734 depeculatum
882 1671 928 1724 eis.

237 1741 276 1790 Sic
288 1740 342 1792 data
352 1741 399 1793 eise
408 1743 481 1792 verba
490 1741 600 1808 praesenti
609 1743 687 1808 palam
699 1740 706 1791 i

190 1812 205 1864 8
211 1830 222 1878 5
238 1814 321 1881 Atque
332 1833 370 1865 me
381 1816 478 1867 minoris
488 1815 553 1865 facio
562 1833 611 1883 prae
622 1816 665 1866 iilo
676 1848 685 1875 ,
696 1815 736 1882 qui
747 1815 855 1867 omnium

237 1890 328 1957 Legum
339 1902 411 1956 atque
421 1888 509 1955 jurium
519 1889 605 1949 fluor,
624 1890 738 1939 conditor
748 1890 827 1942 cluet.

236 1960 260 2012 is
272 1963 344 2012 etiam
354 1963 377 2011 se
387 1963 410 2012 se
421 1963 504 2030 sapere
513 1976 631 2013 memorat
641 1980 651 2022 ;
667 1964 781 2013 malleum

238 2032 414 2101 Sapientioiein
430 2038 458 2061 ⁸⁸
471 2038 606 2090 manubrio.
