2000 3650
249 277 342 352 286
385 267 789 348 .CAPTE1VE1.

522 398 656 452 flacio

658 471 717 521 Non
726 467 809 520 moriri
820 469 937 524 certiu'st.

199 559 233 609 75
248 549 368 602 Abducite
377 547 444 598 istum
452 545 597 596 auutumad
605 544 768 611 Hippolytum
777 544 891 605 fabrum,

248 626 261 679 J
264 628 335 676 ubete
345 622 400 672 huic
409 619 493 671 crassas
503 619 633 685 compedes
643 618 770 686 impingiet
780 634 789 669 c

249 699 308 750 lnde
318 709 385 747 extra
394 705 488 761 portam
497 693 529 744 ad
536 709 617 743 nucum
625 692 738 742 libertum
747 690 899 752 Cordalum,

249 772 277 822 ln
288 769 425 837 lapicidinas
435 769 509 818 facite
519 765 635 818 deduuus
645 764 707 816 fiet:

248 846 329 911 Atque
339 845 403 893 hunc
411 843 445 891 ira
456 842 588 899 velletne,
603 838 693 898 dicite,
712 839 836 899 curatur,

202 921 236 974 80
248 919 289 970 Ne
298 916 339 985 qui
348 916 455 968 deterius
464 915 520 966 huic
528 913 574 974 fit,
592 929 662 980 quam
672 912 730 980 quoi
738 911 843 979 peffuru'e
853 910 900 964 est.

483 989 699 1039 Tvvnnnun

249 1066 301 1116 Cur
312 1081 359 1134 ego
368 1079 392 1116 te
403 1063 480 1116 invito
490 1079 529 1112 me
539 1061 587 1112 elle
596 1061 687 1112 salvom
696 1057 835 1126 postulem?

250 1139 387 1190 Periculum
397 1140 452 1188 vitae
464 1154 525 1188 tneae
535 1135 579 1186 stat
587 1148 632 1186 tuo
642 1133 760 1200 periculo.

250 1212 305 1264 Post
314 1223 416 1262 mortem
424 1212 449 1260 in
457 1222 537 1260 morte
545 1209 604 1260 nihil
613 1207 659 1268 est,
668 1209 734 1274 quod
741 1209 937 1266 menutmnrali.

249 1286 297 1338 Ecfi
306 1288 406 1352 pervivo
415 1284 488 1350 usque
498 1284 529 1332 ad
537 1283 649 1332 summanr
660 1294 774 1342 aetatem,
789 1295 872 1333 tamen

203 1356 217 1408 8
223 1369 235 1420 5
249 1360 327 1410 Breve
337 1359 436 1424 spatium
445 1356 478 1408 est
488 1356 645 1422 perferundi,
661 1373 715 1422 quae
726 1356 821 1408 nutritas
830 1357 901 1408 mibi.

247 1433 313 1486 Vale
322 1444 394 1498 atque
404 1431 467 1480 salve
478 1447 485 1481 ι
496 1427 539 1481 etfi
547 1430 617 1480 aliter
625 1441 652 1480 ut
663 1431 757 1491 dicam,
772 1447 861 1481 meres.

248 1505 289 1554 Tu
297 1503 498 1571 Aristophontes,
517 1503 548 1552 de
558 1521 596 1553 me
607 1515 634 1553 ut
644 1499 766 1565 meruisti,
780 1505 815 1555 ita
823 1506 878 1556 vale
888 1521 900 1564 ς

247 1578 310 1630 Nam
318 1577 375 1628 mibi
382 1590 485 1646 propter
493 1590 520 1630 te
528 1578 576 1627 hoc
586 1578 682 1644 obtigit.
723 1591 726 1598 '
790 1633 792 1637 ,
911 1593 914 1599 ’

525 1651 661 1702 Hecto

801 1725 939 1780 Abducite.

481 1799 697 1852 Trunnnvn

248 1874 283 1925 At
293 1891 366 1925 unum
376 1874 425 1925 hoc
434 1876 531 1941 quaeso,
542 1875 566 1933 ⁴fi
574 1876 621 1925 huc
630 1875 720 1925 rebitet
729 1872 878 1927 Philocrates
889 1910 899 1936 ,

199 1962 236 2013 90
248 1948 284 1999 Ut
293 1950 350 1998 mihi
359 1948 413 2017 ejus
421 1950 494 2001 facias
506 1948 668 2000 conveniundi
677 1949 782 2013 copiam.

463 2040 466 2047 ·
523 2021 548 2069 Η
557 2034 574 2069 e
582 2034 601 2069 o
610 2036 620 2069 1
630 2032 658 2068 o.

247 2093 368 2151 Petilio,
387 2092 428 2143 nist
440 2094 504 2141 hunc
515 2091 563 2156 jam
576 2109 589 2141 e
602 2091 732 2157 conspestu
742 2094 873 2150 abducitis.

477 2162 694 2217 Tvuonnvu

245 2238 291 2293 Vis
300 2237 352 2289 haec
364 2236 460 2305 quidem
467 2238 551 2291 hercle
562 2238 613 2299 est,
632 2240 658 2292 δι
670 2237 733 2293 trahi
745 2239 771 2291 δι
781 2243 847 2294 trudi
856 2245 937 2298 simul.

521 2311 657 2365 Hnotm

246 2386 299 2437 Illic
310 2385 344 2435 est
352 2385 466 2440 abdudlus
474 2386 540 2438 teila
547 2389 572 2438 in
580 2390 708 2457 phylacatn
718 2422 726 2449 ,
737 2402 766 2440 ut
773 2390 858 2459 dignus
868 2392 918 2446 est.

246 2460 300 2528 Ego
309 2460 355 2512 illis
365 2460 481 2527 cipteivis
490 2462 543 2513 aliis
552 2463 725 2515 documentum
733 2464 796 2515 dabo
806 2498 814 2524 ,

199 2541 233 2594 95
245 2536 284 2584 Ne
293 2536 341 2585 tale
351 2534 472 2602 quisquam
481 2536 574 2589 facinus
582 2537 689 2603 incipere
698 2538 795 2589 audeat.

247 2606 322 2670 Quod
330 2608 418 2676 absque
428 2610 477 2659 hoc
487 2608 545 2661 elset
555 2644 563 2670 ,
576 2613 617 2678 qui
625 2612 683 2661 mihi
691 2612 738 2661 hoc
748 2612 806 2663 fecit
814 2615 894 2680 palam
905 2649 914 2676 ,

245 2678 327 2745 Usque
336 2681 479 2733 offrenatum
490 2682 535 2734 suis
544 2702 582 2733 tne
591 2684 716 2736 dustarent
724 2686 795 2739 dolis.

244 2752 268 2803 N
271 2770 316 2803 unc
327 2768 419 2805 certum
428 2754 461 2807 est
469 2758 529 2807 nulli
536 2758 588 2825 post
596 2758 648 2809 haec
657 2758 783 2826 quicquam
792 2762 909 2815 credere.-
