2000 3650
242 261 777 380 novEPJDrcvm

481 393 687 446 Aruernus.
720 443 728 450 ,

697 522 702 528 ,
766 468 809 520 Te
823 486 871 537 pro
880 467 931 520 filio
982 472 983 479 ’

241 544 366 596 Faiiurrmr
377 541 435 594 dixit
445 558 497 592 rem
508 541 555 591 eise
567 540 668 591 divinam
679 541 760 602 domi,

196 620 226 687 ii
242 618 305 683 Quia
316 618 407 668 Thebis
418 617 495 666 salvos
506 614 616 665 redierit.

456 687 705 738 Prrrrnrrro

744 741 825 814 Redi
835 745 928 815 iostitit.
984 766 985 777 ¹

474 834 681 887 deceroto

239 907 290 961 imd
300 907 363 976 ipsus
373 907 409 960 iili
419 908 497 968 dixit,
516 907 655 958 conduiiam
666 905 713 957 effe
725 923 796 968 earn,

240 981 303 1046 Quae
313 981 352 1034 hic
365 982 536 1034 administraret
546 981 577 1030 ad
587 997 637 1031 rem
647 980 751 1030 divinam
760 982 804 1032 tibi
816 1016 826 1043 ,

240 1056 365 1108 Fri-iurum
376 1057 423 1108 hoc
435 1055 494 1106 dixit
505 1089 513 1114 ‚
524 1071 575 1105 rem
586 1052 633 1104 effe
644 1054 747 1104 divinam
757 1056 801 1106 tibi
812 1055 891 1110 domi.
986 1060 987 1073 ¹

241 1131 294 1197 Ego
305 1130 352 1179 iilic
364 1145 402 1180 me
413 1141 494 1180 autem
504 1127 536 1178 src
548 1127 705 1177 affimulabam
715 1128 780 1194 quoii

193 1218 229 1265 40
240 1203 358 1256 stolidum
368 1235 377 1265 ‚
394 1201 557 1256 combardum
566 1217 604 1250 me
615 1201 743 1253 faciebam.

454 1274 473 1326 P
484 1289 527 1326 ert
534 1291 545 1324 1
553 1289 568 1325 r
577 1289 595 1324 u
603 1288 621 1324 Α
629 1288 647 1324 rr
658 1287 706 1326 es.

445 1343 458 1406 ⁸,
732 1344 785 1398 lmd
793 1346 830 1399 ita
841 1349 926 1402 decet.

474 1419 686 1472 deceroto

238 1495 287 1547 Res
297 1509 382 1562 magna
393 1491 461 1546 amici
470 1493 534 1561 apud
544 1494 624 1544 iorum
633 1494 720 1563 agitur.
735 1493 764 1544 Ei
774 1494 835 1546 volo

240 1570 280 1620 lte
290 1569 433 1619 advocatus.
469 1565 475 1572 ’

457 1639 475 1694 P
484 1655 500 1691 ε
509 1654 528 1691 rt
536 1656 546 1690 1
555 1655 569 1689 r
577 1654 595 1689 rr
604 1654 648 1691 Au
658 1654 675 1689 ε
683 1654 706 1691 s.

558 1714 591 1764 At
602 1714 681 1780 quaeio
693 1748 701 1774 ,
720 1713 759 1764 ubi
770 1713 818 1766 erit
829 1713 926 1777 otium,

241 1787 378 1841 Revortere
390 1787 420 1839 ad
431 1804 469 1839 me
483 1788 616 1854 extemplo.

476 1862 684 1914 deceroto

684 1932 808 1985 Continui>
818 1932 859 1986 hic
870 1953 926 1990 ero.

456 2006 474 2059 P
485 2022 501 2058 ε
511 2023 530 2058 ι
538 2024 548 2058 1
556 2023 572 2059 r
580 2023 598 2057 rr
607 2023 625 2058 Α
632 2023 651 2059 rr
660 2020 677 2058 ι
686 2023 708 2058 s.

242 2080 308 2131 Nihil
317 2078 407 2130 homini
416 2082 493 2131 amico
504 2081 536 2132 est
547 2094 686 2147 opportuno
695 2079 793 2132 amicius
804 2097 813 2131 t

194 2162 227 2210 45
242 2154 298 2203 Sine
308 2166 351 2204 tuo
362 2154 444 2203 labore
454 2188 463 2213 ,
481 2155 546 2220 quod
557 2156 618 2205 veiis
628 2189 636 2216 ,
654 2154 731 2216 atium
741 2153 775 2204 est
784 2165 880 2207 tamen.

241 2227 294 2294 Ego
305 2224 465 2294 fiallegaiiem
476 2228 579 2293 aliquem
592 2228 622 2279 ad
633 2228 681 2278 hoc
692 2227 816 2295 negotium

241 2297 323 2351 Mimis
335 2300 461 2351 ‘hominem
477 2296 574 2353 dotium
583 2334 600 2361 ‚.
612 2302 734 2369 minisque
749 2301 779 2350 ad
792 2302 857 2355 hane
873 2319 926 2355 rem

314 2374 423 2424 callidum
433 2408 442 2433 ,

242 2445 279 2497 Os
293 2446 402 2497 sublitum
412 2446 477 2497 effet.
490 2448 575 2513 itaque
585 2464 624 2496 me
635 2448 694 2497 aibis
704 2447 814 2499 dentibus

241 2518 314 2569 Meus
327 2520 447 2570 derideret
456 2518 518 2570 filius
529 2519 691 2571 meritiiiumd.

198 2604 230 2651 50
240 2593 322 2659 Atque
333 2594 385 2643 haec
396 2593 517 2648 stultitia'ii
527 2611 565 2643 me
579 2595 612 2644 illi
622 2595 684 2643 vitio
693 2606 793 2643 vortere
803 2626 812 2655 ‚

239 2664 344 2732 Egomet
354 2666 419 2732 quod
429 2667 534 2727 faititevi
543 2669 568 2717 in
578 2667 740 2717 adolescentia
750 2684 757 2718 :

240 2736 323 2803 Quom
333 2740 460 2791 militabam
471 2773 479 2799 ,
498 2740 583 2809 pugnis
594 2741 753 2792 memorandis
763 2739 822 2791 meis

764 2812 925 2863 Eradicabam
