2000 3650
214 394 451 478 Aer-us
511 390 633 475 JJJ.
693 420 784 498 343

93 531 161 580 Nam
171 528 233 580 illaec
245 531 371 598 catapultae
383 530 461 580 adme
473 527 560 580 crebri>
572 545 717 583 commeant.

93 604 247 655 Adolescens
259 639 266 662 ‚
286 607 317 654 ob
327 605 509 671 Rempubllcam
519 605 567 656 hoc
579 605 642 654 intus
653 607 710 656 mihi

94 677 174 742 Quod
184 677 272 746 anfigne
284 680 361 730 habeo
372 713 378 738 ,
395 679 474 745 quaeso
485 712 492 738 ,
508 695 539 729 ne
550 695 588 729 me
598 680 744 734 incomities.
792 688 828 743 30

384 753 491 802 Luem

92 825 197 876 Licetne
209 825 315 876 inforare
328 861 335 886 ,
354 825 369 875 fi
380 827 531 876 incomitiare
541 823 682 879 nonlicet?

330 899 378 950 Cu
389 915 407 949 a
416 914 432 949 c
441 915 482 950 ua
493 915 502 949 1
513 914 542 950 ο.

92 974 152 1024 Non
163 974 277 1024 inforabis
288 991 326 1024 me
338 975 433 1040 quidem
446 989 452 1024 ε
465 991 512 1024 nec
523 975 580 1023 milri
590 976 672 1040 placet

91 1047 174 1096 Tuum
184 1046 293 1114 prolelld
304 1065 349 1098 nec
361 1049 438 1098 forum
452 1080 459 1106 ,
478 1065 525 1098 nec
535 1049 668 1099 comitium.

90 1121 142 1171 Sed
153 1123 231 1180 hunc,
249 1139 319 1188 quem
330 1139 429 1189 quaero,
443 1121 629 1172 commonstrare
639 1122 656 1173 sa
666 1135 738 1190 potes
749 1156 757 1184 ,

90 1195 165 1246 Inibis
175 1213 189 1244 a
199 1212 237 1246 me
249 1197 344 1246 solidam
356 1196 380 1246 ὃ(
391 1196 506 1264 grandem
515 1196 624 1266 gratiam.
788 1215 821 1267 35

88 1267 216 1339 Lyconem
227 1287 308 1338 quaero
319 1271 469 1337 trapezitam.

378 1344 485 1408 Luco

652 1416 704 1467 Die
718 1413 776 1466 mml

90 1487 158 1558 Quid
168 1507 223 1541 eum
233 1505 298 1540 nune
309 1490 394 1557 quaeris
406 1487 417 1539 l
436 1503 477 1540 aut
489 1489 574 1555 cujatis
585 1487 597 1540 l

326 1563 537 1662 Cuncuuiop

656 1637 774 1707 Eloquar.

87 1711 126 1764 Ab
136 1711 355 1779 Therapontigono
365 1711 521 1778 Platagidoro
534 1709 609 1760 milite
613 1745 687 1763 .....
724 1776 730 1782 .

373 1783 482 1835 Luem

85 1860 153 1913 Novi
164 1861 250 1929 edepol
260 1877 349 1913 nomen
362 1876 368 1910 ε
381 1876 435 1909 nam
445 1858 503 1908 mihi
512 1857 570 1908 illoc
581 1858 677 1909 nomine
689 1892 698 1920 ,

85 1936 153 1986 Dum
163 1936 240 1987 scribo
252 1971 259 1996 ,
275 1934 371 2001 explevi
382 1945 446 1983 totas
458 1949 526 1984 ceras
537 1944 651 2008 quatuor.
779 1939 818 1989 40

84 2010 135 2063 Sed
147 2010 203 2079 quid
214 2010 338 2080 Lyconem
352 2006 436 2076 quaeris
449 2004 460 2057 l

320 2084 533 2134 curcurim

511 2150 680 2208 Mandatumst
692 2154 767 2216 malli,

82 2233 121 2285 Ut
129 2232 172 2285 has
182 2232 282 2285 tabellas
293 2233 323 2284 ad
333 2250 388 2284 eum
396 2232 500 2296 ferrem.

368 2307 478 2357 Laco.
785 2339 790 2348 =

516 2370 767 2441 Quietuhomoes?

317 2454 528 2505 Cuncuaim

81 2526 194 2579 Libertus
204 2525 266 2583 illius
277 2563 285 2589 ,
300 2546 371 2597 quem
382 2528 473 2578 omneis
484 2528 637 2595 Summanum
646 2538 745 2576 vocant.

367 2603 474 2653 Luem

79 2676 228 2738 Summane,
248 2676 321 2737 salve.
336 2675 387 2740 Qul
398 2671 562 2745 Summanus-l
578 2674 617 2725 fac
628 2672 707 2723 sciam.

315 2750 525 2801 Cuncuato.
574 2758 578 2763 ’
638 2741 643 2747 ’
703 2742 717 2751 ”

78 2816 144 2889 Quia
154 2821 293 2874 vestimenta
304 2859 312 2885 ,
329 2825 370 2875 ubi
381 2824 517 2875 obdormivi
528 2824 628 2882 ebrius,
773 2832 810 2883 45

77 2900 208 2951 Summano
226 2914 233 2948 τ
254 2900 286 2949 ob
304 2916 357 2951 eam
372 2916 425 2951 rem
442 2916 481 2950 me
501 2898 594 2950 omneis
609 2898 763 2946 Summanum
790 2902 802 2911 ⁶

149 2983 249 3025 vocant.
608 2969 654 3022 af
664 2971 689 3019 iv
