2000 3650
153 355 157 368 ¹
241 330 320 403 512
392 315 779 404 Eernrcvs.

243 547 937 560 m

321 665 368 759 A
407 637 531 758 cr
569 664 681 758 us
746 667 854 766 11.

364 855 624 940 scENA
681 855 806 944 JJJ.
988 890 989 967 p

439 1047 737 1100 Eunicus,

242 1131 408 1244 Nouum
420 1191 466 1242 esse
477 1194 564 1260 opinor
574 1208 714 1260 egoagruru
723 1189 749 1240 in
758 1208 821 1261 agro
831 1193 921 1247 Attico

241 1263 322 1331 AEqu'e
336 1268 441 1317 feracem
453 1299 460 1324 ‚
475 1270 546 1332 quini
555 1267 593 1315 hic
605 1265 638 1314 esi
648 1264 728 1315 noster
739 1264 894 1333 Periphanes
906 1286 916 1324 ι

242 1339 310 1402 Quin
317 1357 353 1392 -ex
363 1340 461 1390 occluso
471 1352 544 1406 atque
556 1337 679 1407 obfignato
688 1340 791 1390 armario

241 1413 352 1464 Decurio
362 1413 456 1480 argenti
466 1425 559 1463 tantum
569 1424 683 1480 quantum
694 1412 751 1461 mihi
760 1414 842 1469 luhet.

213 1497 226 1546 5
243 1485 317 1548 Quod
329 1488 371 1552 poi
381 1503 428 1554 ego
439 1497 522 1536 metuo
534 1520 542 1545 ‚
561 1485 577 1536 sr
589 1487 663 1537 senex
671 1485 797 1537 resciverit
809 1523 818 1549 ,

241 1560 280 1610 Ne
291 1560 368 1609 ulmos
379 1557 491 1625 parasitos
501 1560 576 1610 faciat
586 1594 594 1619 ‚
605 1577 659 1626 quae
669 1560 743 1625 usque
753 1563 911 1618 attondeant.

242 1633 290 1682 Sed
301 1649 339 1682 me
350 1649 397 1683 una
407 1634 488 1682 turbat
498 1649 538 1684 res
546 1634 657 1700 ratioque
671 1651 678 1684 ι
693 1634 811 1700 Apoecidi

242 1706 322 1770 Quam
332 1706 453 1756 ostendam
462 1705 581 1756 fidicinam
592 1709 671 1773 aliqua
683 1707 865 1764 conduftitianr.

241 1780 324 1848 Atque
334 1781 357 1831 id
369 1797 464 1847 quoque
475 1781 563 1831 habeo.
574 1779 650 1831 Mane
660 1797 699 1831 me
708 1778 771 1847 juffit
781 1782 857 1837 senex

195 1865 227 1901 ιο
243 1855 389 1905 Conducere
398 1855 501 1920 aliquam
511 1853 630 1905 fidicinam
640 1853 682 1904 sibi
693 1856 741 1905 huc
752 1856 851 1908 domurn
862 1893 872 1919 ,

241 1928 308 1977 Dum
322 1944 372 1977 rem
384 1926 487 1977 divinam
498 1928 591 1978 faceret
603 1962 611 1987 ‚
626 1940 736 1979 cantaret
746 1927 799 1980 sibi.

242 2001 277 2051 Ea
290 2001 457 2059 conducetur,
473 2012 546 2067 atque
556 2002 579 2051 ei
590 2001 806 2067 praemonstrabitur
817 2038 826 2064 ‚

242 2072 301 2137 Quo
311 2074 381 2140 padio
392 2072 433 2123 fiat
446 2074 543 2123 subdola
554 2075 667 2125 advorsus
678 2075 768 2125 senem.

240 2147 285 2198 lbo
295 2144 360 2197 iutro
371 2180 379 2207 ‚
396 2158 524 2215 argentum
533 2148 651 2216 accipia'in
659 2150 689 2199 ab
700 2148 815 2201 damnoso
827 2151 897 2207 sene.
