2000 3650
218 335 302 410 258
376 321 750 405 ciprrrrrr.

489 456 631 506 Hadru

170 530 205 584 60
217 535 329 604 Loquere
345 529 466 581 audader.

252 667 254 674 y
449 603 671 653 Trnnnnun

325 679 387 730 Tam
398 694 445 746 ego
456 677 491 727 fui
501 689 559 727 ante
569 677 631 726 liber
642 709 650 734 ,
662 676 732 742 quim
742 686 829 741 gnarus
839 687 911 730 tuus.

216 757 279 823 Tam
295 754 351 802 mihi
360 785 370 810 ,,
390 744 531 820 quinidi,
549 750 687 800 libertatem
706 747 796 800 hostilis
819 751 913 817 eripuit

217 903 280 952 Tam
288 845 405 966 iiiiniiiird
413 915 458 950 nos
469 897 543 951 servit
553 931 562 958 ‚
579 900 649 965 quim
660 913 707 966 ego
718 912 782 948 nunc
791 893 833 949 hic
843 900 913 966 apud

218 1049 257 1100 Est
268 975 477 1116 pirifesiidilgeus,
494 1046 552 1116 qui,
567 1063 620 1114 quae
631 1061 676 1096 nos
689 1044 793 1114 gerimus
805 1079 813 1106 ,
827 1046 912 1098 audit-

291 1139 338 1190 que
354 1123 379 1174 &
392 1122 470 1172 videt.

219 1197 243 1247 Is
256 1231 271 1256 ,.
278 1197 316 1246 uti
325 1208 353 1247 tu
362 1213 400 1246 me
416 1194 455 1246 hic
466 1193 579 1246 habueris
590 1227 598 1253 ‚
610 1192 713 1260 proinde
724 1192 791 1244 illurn
801 1190 852 1243 illic
865 1210 913 1246 cu·

92 1340 93 1344 ’
173 1339 206 1402 65
221 1283 608 1409 Beneiiireiiiiibeneprofueriu
619 1340 683 1392 male
690 1339 793 1391 merenti
800 1358 843 1406 par
851 1340 910 1394 erit.

222 1417 302 1481 Qudm
310 1428 337 1466 tu
346 1415 420 1466 filiurn
428 1427 505 1475 tuum,
512 1427 562 1465 tam
572 1427 642 1483 pater
651 1432 690 1465 me
699 1431 767 1466 meus
778 1414 912 1468 desiderat.

116 1567 121 1574 '
221 1561 323 1613 Memini
344 1580 390 1630 ego
409 1489 661 1614 istoc.}81eiicfaltirin¹
680 1560 766 1613 eadem
789 1579 843 1630 quae
867 1559 911 1613 hic
944 1535 949 1542 Ι

291 1635 375 1686 iaffu’st
387 1637 444 1686 mihi
458 1635 469 1684 ?

455 1710 672 1760 Trananun

219 1783 273 1853 Ego
283 1783 346 1851 patri
354 1801 410 1836 meo
421 1781 467 1835 effe
478 1785 559 1835 fateor
568 1784 666 1835 summas
677 1781 770 1835 divitias
781 1780 864 1845 domi,

208 1858 313 1927 Meque
331 1859 421 1945 summo
439 1875 529 1927 genere
546 1870 654 1927 gnatum.
672 1859 722 1909 Sed
737 1870 763 1909 te
780 1860 909 1920 obtestor,

173 2015 207 2063 70
221 2006 260 2055 Ne
271 1932 450 2055 tuiiirgiiiinum
460 2004 595 2057 avariorem
602 2006 680 2057 faxint
691 2004 778 2057 divitiae
787 2024 848 2057 meae
860 2023 868 2057 ε

220 2081 259 2129 Ne
267 2081 328 2145 patri
337 2078 444 2138 ,tametsi
451 2079 535 2130 unicus
543 2080 601 2140 sum,
610 2080 698 2131 decdre
704 2081 814 2131 videatur
821 2078 907 2148 magis,

220 2152 265 2202 Me
282 2154 383 2202 saturum
394 2152 482 2205 servire
492 2154 556 2221 apud
565 2167 592 2205 te
603 2155 697 2221 sumptu
712 2154 737 2205 &
746 2154 833 2205 vestitu
841 2166 885 2205 tuo
898 2188 907 2214 ,

220 2223 303 2276 Potiis
314 2230 384 2292 quim
394 2224 428 2277 illi
439 2261 446 2286 ,
465 2227 507 2277 ubi
518 2227 622 2279 minume
633 2228 758 2279 honesturn
772 2227 822 2290 est,
838 2244 908 2279 rnen-

198 2370 200 2375 ι
293 2298 413 2350 dicantem
424 2301 518 2353 vivere.

493 2376 630 2427 Hrcru

221 2446 274 2514 Ego
288 2444 379 2573 ibim
388 2448 470 2500 Derim
481 2449 508 2501 δι
522 2448 639 2518 majorum
654 2448 758 2501 nostrinn
773 2447 840 2501 dives
855 2449 907 2499 surn

221 2594 279 2645 Non
298 2535 459 2662 eas-omnino
475 2598 569 2648 lucrum
584 2614 655 2647 ornne
673 2596 721 2647 effe
738 2596 798 2647 utile
813 2596 906 2648 homini

173 2673 205 2722 75
294 2668 418 2721 existumo.

222 2738 277 2789 Scia
293 2744 469 2865 egididffltos
481 2742 533 2814 jam
545 2744 639 2796 lucrum
647 2745 785 2797 luculentos
794 2744 906 2797 homines

292 2829 319 2864 re
377 2827 405 2868 rt.
