2000 3650
271 485 311 530 Ν·
337 483 874 546 ΉἫΗΜῊῊΝΝΜΗΗ

170 535 175 553 '
227 491 880 678 p*ww**tztztztzcztct

264 589 320 676 ‘ff'
282 581 880 692 Ἶῒίκκξψκμῦκμμῆκῄ

230 668 570 790 &iffi-iffi?

203 787 886 998 ,Ριοιοουι

232 1003 291 1118 H
299 1081 317 1118 o
327 1081 339 1118 s
352 1083 412 1134 quos
422 1063 510 1116 videtis
520 1061 580 1114 stare
591 1060 632 1114 hic
642 1064 753 1131 captivos
764 1067 826 1121 duos
836 1101 847 1130 ,

231 1160 271 1211 Illi
282 1161 322 1229 qui
332 1161 423 1212 adstant
435 1195 443 1222 ,
456 1161 481 1210 hi
494 1158 555 1210 stant
564 1161 634 1210 ambo
645 1191 654 1218 ,
668 1161 719 1208 nori
729 1159 825 1214 sedent.

231 1258 302 1316 Vos',
315 1271 360 1308 vos
371 1255 429 1305 mihi
438 1254 512 1305 testes
523 1253 576 1304 estis
584 1270 623 1305 me
634 1267 721 1304 verum
732 1252 810 1318 loqui.

232 1349 312 1399 Senex
323 1347 364 1415 qui
373 1346 412 1396 hic
422 1347 515 1396 habitat
526 1381 534 1405 ,
547 1345 629 1414 Hegio
639 1345 672 1396 est
683 1345 754 1413 hujus
765 1358 847 1414 patet.

205 1448 219 1496 5
232 1444 281 1494 Sed
289 1444 308 1492 is
318 1459 366 1509 quo
377 1441 446 1506 pasto
457 1439 546 1490 serviat
555 1439 598 1489 suo
608 1437 649 1490 fibi
659 1440 722 1507 patri
733 1473 741 1500 ,

231 1535 260 1585 Id
272 1551 318 1602 ego
328 1532 368 1583 hic
379 1532 443 1600 apud
452 1550 497 1586 vos
508 1535 656 1602 proloquar,
671 1531 798 1604 fioperam
808 1534 883 1588 datis.

231 1628 288 1678 Seni
301 1627 357 1678 huic
371 1627 470 1679 fuerunt
480 1627 524 1679 filii
538 1629 588 1678 nati
602 1630 671 1690 duo,
747 1633 751 1641 '

230 1721 341 1772 Alterum
351 1725 499 1790 quadrimum
509 1737 611 1788 puerum
621 1720 705 1773 servus
715 1721 805 1788 surpuit
815 1757 825 1784 ‚

229 1813 338 1884 Eumque
347 1817 403 1867 hinc
413 1814 555 1890 profugiens
565 1813 674 1865 vendidit
682 1814 710 1897 in¹
718 1814 790 1867 Alide

185 1921 216 1959 ιο
230 1907 295 1959 Patri
304 1904 414 1978 hujusce.
426 1910 480 1963 Jam
490 1910 539 1961 hoc
549 1910 639 1961 tenetis
651 1906 664 1960 i
684 1920 808 1976 optumum
818 1908 863 1963 cst.

229 2002 330 2069 Negat,
349 2004 454 2063 hercle,
471 2001 513 2051 ille
531 2004 638 2055 ultimus.
657 2004 788 2055 Accedito.
854 2050 860 2057 .
918 2004 926 2013 “

229 2095 314 2145 Sinon
324 2082 459 2147 ubi'sedeas
470 2098 540 2149 locus
552 2097 604 2158 est,
622 2098 656 2149 cst
666 2101 706 2150 ubi
715 2100 822 2167 ambules
832 2133 842 2161 ‚

229 2186 334 2252 Quando
345 2185 482 2242 histrionem
496 2194 563 2261 cogis
573 2194 742 2249 mendicariei.

227 2284 282 2351 Ego
292 2298 331 2333 me
341 2295 383 2333 tua
394 2284 470 2337 caussa
482 2322 490 2349 ,
510 2304 541 2338 ne
552 2304 619 2339 erres
630 2323 639 2348 ,
659 2307 709 2341 non
718 2303 832 2360 rupturus
842 2291 893 2343 sum
903 2309 916 2353 5

183 2388 214 2437 ις
227 2378 281 2431 Vos
293 2377 332 2445 qui
342 2378 440 2444 potestis
452 2397 501 2449 ope
514 2380 592 2434 vestra
603 2384 744 2445 censerier,

227 2468 338 2537 Accipite
348 2470 467 2540 reliquom
478 2492 486 2527 ε
498 2477 579 2528 alieno
588 2477 624 2527 uti
634 2478 693 2528 nihil
703 2494 795 2530 moror.

226 2563 349 2631 Fugitivus
359 2564 399 2615 ille
410 2598 418 2623 ‚
429 2577 457 2617 ut
468 2569 574 2619 dixeram
584 2583 641 2620 ante
653 2606 660 2628 ,
675 2570 746 2639 hujus
757 2568 819 2637 patri
829 2604 839 2631 ,

225 2655 309 2709 Domo
320 2675 391 2725 quem
400 2661 542 2733 profugiens
553 2662 675 2716 dominum
684 2662 812 2716 abstulerat
823 2696 832 2726 ‚
849 2679 913 2715 ven·

298 2750 367 2805 didit.

861 2830 913 2883 nic
