2000 3650
160 358 328 454 Acws
347 369 398 454 J.
428 372 505 458 Sc.
537 373 601 460 II.
660 405 748 477 323

280 503 535 566 Pumuuonun

62 579 110 632 Me
123 578 226 648 periiss'e.

291 651 336 703 ΡΛ
344 667 378 703 ιι
388 667 407 703 n
415 667 434 703 υ
442 668 460 704 n
469 669 488 706 υ
495 668 522 710 s·

236 724 291 794 Age
303 760 310 785 ‚
331 727 394 778 dice.

279 798 532 853 Pumnnomun

457 874 526 927 Anus
537 875 603 929 nudi.
617 876 675 930 Hoc
686 880 746 932 volo

63 944 132 998 Scite
143 956 170 998 te
183 961 192 998 z
203 946 312 1015 perditus
324 947 375 998 sum
385 947 465 999 miser.

211 1039 216 1050 ¹
348 1020 460 1073 LGn.

49 1113 52 1122 ·
286 1161 290 1167 Ι
497 1092 532 1146 At
541 1097 584 1164 pol
599 1112 646 1164 ego
658 1096 747 1166 oppida

63 1167 173 1218 Servata.
185 1166 234 1218 Sed
245 1165 301 1234 quid
310 1165 344 1217 est
355 1164 366 1217 ἒ
379 1165 436 1235 quid
446 1168 515 1219 lubet
527 1169 646 1236 perditum
758 1188 792 1239 45

62 1239 275 1292 Dnmemeffi?

278 1312 530 1366 annnonun

343 1385 409 1451 Quia
423 1388 465 1448 id,
485 1387 552 1457 quod
566 1404 639 1449 amo,
662 1403 746 1442 careo.

348 1460 458 1513 Luum

62 1532 205 1584 Phaedrome
216 1531 265 1592 mi,
283 1550 313 1584 ne
324 1535 392 1600 plora
404 1569 411 1592 ,
427 1537 513 1586 amabo
524 1553 532 1587 t
543 1548 571 1587 tu
581 1554 620 1586 me

63 1607 157 1659 Curato
169 1625 199 1657 ne
211 1607 284 1656 sutiam
295 1641 303 1666 ,
322 1624 368 1676 ego
379 1609 423 1658 tibi
435 1642 443 1668 ‚
461 1611 527 1676 quod
538 1627 602 1660 amas
613 1644 621 1669 ,
640 1608 689 1677 jam
699 1610 747 1660 hue
797 1649 799 1652 >

136 1681 262 1732 adducam.

277 1754 530 1805 annnomun

62 1826 120 1876 Tibi
131 1844 167 1877 nae
179 1844 225 1895 ego
238 1860 246 1887 ,
264 1827 363 1878 fifidem
374 1827 453 1877 servas
463 1844 558 1877 mecum
571 1856 580 1887 ,
633 1854 638 1859 ·
748 1845 750 1850 ·

61 1900 168 1951 Vineam
178 1917 223 1965 pro
233 1918 307 1951 aurea
317 1900 391 1951 statua
402 1892 500 1950 stimam
510 1933 519 1957 ,
534 1917 586 1966 quae
596 1912 641 1949 tuo
762 1913 795 1963 50

64 1971 167 2022 Gutturi
177 1972 204 2023 fit
214 1974 396 2023 monimentum.
414 1973 464 2037 Qui
475 1989 513 2021 me
526 1972 551 2020 in
561 1985 627 2023 terra
637 1969 707 2039 aequi

62 2046 210 2097 Fortunatus
221 2047 286 2106 erit,
308 2045 325 2096 fi
339 2048 380 2096 illa
392 2046 423 2095 ad
433 2063 472 2098 me
486 2046 567 2107 bitet,

62 2118 174 2170 Palinure
192 2117 203 2170 d

288 2192 307 2244 P
316 2206 335 2243 Α
345 2207 359 2241 ι
368 2208 378 2241 ι
388 2206 407 2241 n
415 2206 435 2241 u
444 2205 488 2247 nu
499 2204 524 2243 s.

150 2263 264 2332 Edepol,
283 2265 324 2334 qui
334 2278 415 2326 amat,
429 2265 447 2315 fi
459 2278 535 2333 eget,
552 2262 637 2317 miserd
646 2261 749 2315 afficitur

61 2333 189 2394 AErumnd.

278 2410 531 2471 anunomun

353 2486 411 2534 Non
421 2484 454 2533 ita
467 2499 507 2533 tes
519 2481 553 2532 est
563 2498 571 2532 t
582 2498 637 2531 nam
650 2479 748 2531 confido

63 2555 193 2608 Parafitum
203 2556 275 2609 hodie
289 2558 447 2608 adventurum
459 2574 514 2605 cum
523 2565 626 2624 argento
638 2554 669 2603 ad
679 2570 728 2604 me.
763 2566 792 2616 55

291 2632 308 2681 P
318 2648 336 2680 A
346 2646 360 2680 ι
369 2647 379 2680 ι
389 2645 407 2678 u
415 2644 434 2679 u
443 2644 462 2679 n
469 2644 519 2679 us.

63 2702 182 2772 Magnum
190 2704 311 2771 inceptas,
322 2703 337 2753 su
347 2705 370 2753 id
380 2702 500 2769 exspeRas
509 2736 516 2761 ,
526 2700 591 2769 quod
599 2698 747 2769 nusquam’st.

281 2777 530 2828 Pumnnomun

66 2849 133 2916 Quid
143 2848 158 2900 fi
169 2849 252 2901 adeam
262 2850 293 2900 ad
303 2851 368 2903 fores
381 2885 389 2911 ,
403 2863 475 2918 atque
487 2862 616 2901 occentem
628 2844 640 2899 ἒ
