2000 3650
51 259 57 264 ’
128 313 296 398 Acws
328 313 416 401 m.
446 315 524 400 sc.
554 315 619 400 H.
680 316 758 402 ω

71 453 112 504 Ne
123 453 180 519 quid
190 453 233 504 tibi
243 453 299 506 hinc
309 452 333 502 in
344 452 409 519 spem
417 452 521 519 referas.
536 451 594 503 Hoc
603 451 703 504 hostium
714 471 761 521 po·

144 527 215 577 titum
229 525 271 577 est.

72 599 156 650 Crede
168 599 241 650 modci
250 612 278 650 tu
287 598 354 650 mihi.
365 595 405 649 Sic'
417 615 464 667 ego
474 617 541 668 ago,
554 600 586 650 fic
595 599 668 668 egdre
677 599 759 652 nostri.

72 672 122 724 Pro
133 671 167 722 Di
180 674 326 726 immortales
337 707 346 733 ‚
363 673 421 724 mihi
436 675 500 726 hunc
511 675 575 724 diem
586 674 680 724 dedistis
690 676 760 724 lucu·

144 748 237 797 lentum
251 747 258 796 l
773 757 787 807 5

71 819 109 870 Ut
122 820 219 870 facilem
229 832 302 887 atque
316 818 491 886 impetrabilem
508 818 516 869 i
533 819 574 870 sed
584 837 632 889 ego
647 820 702 870 hinc
717 821 763 870 rui·

147 911 216 962 grate
231 893 315 953 cesso,

71 965 108 1016 Ut
115 965 400 1033 importemincoloniam
406 965 469 1015 hunc
476 965 582 1032 auspicio
589 963 761 1018 commeatum?

71 1039 137 1090 Mihi
146 1039 223 1101 ceffo,
236 1057 291 1092 cum
299 1039 344 1091 sto.
355 1039 404 1088 Sed
415 1039 471 1106 quid
481 1039 529 1089 hoc
540 1037 550 1088 ἓ
561 1051 617 1090 aute
628 1039 691 1090 aedes
701 1041 762 1091 duos

145 1113 258 1173 sodales,

71 1185 167 1238 Herum
177 1185 203 1237 δι
214 1185 377 1237 Chaeribulum
388 1183 527 1254 conspicor.
540 1182 608 1249 Quid
617 1183 658 1235 hic
668 1183 737 1254 agitis
750 1182 761 1235 ἒ

145 1260 229 1327 accipe
241 1261 289 1310 hoc
298 1257 341 1310 iis.

254 1333 581 1384 srarrrrrocuaa.
683 1369 688 1380 .

72 1403 199 1471 Quantum
211 1405 251 1455 hic
261 1405 320 1456 inest
332 1403 342 1454 i
776 1415 808 1453 ιο

317 1478 407 1528 Earn
417 1493 427 1527 1
437 1490 481 1528 cu
489 1491 528 1540 a...

218 1549 342 1616 Quantum
353 1551 387 1601 sat
399 1550 449 1611 est,
466 1551 491 1602 ὅ(
503 1552 556 1618 pius
567 1549 621 1600 saris
633 1565 641 1602 a
652 1547 761 1618 superfit.

71 1625 169 1676 Decem
182 1624 251 1676 minis
263 1627 316 1692 pius
328 1624 419 1684 attuli,
433 1628 504 1690 quim
515 1636 542 1674 tu
554 1623 648 1674 danistae
660 1625 744 1678 debes.

71 1699 139 1750 Dum
147 1700 189 1748 tibi
197 1716 243 1766 ego
250 1701 446 1764 placeam,atque
454 1698 763 1768 obsequammeumtergum

144 1772 292 1822 floccifacio.
549 1788 552 1792 ·

254 1846 582 1911 Sruarrrpocaas.

71 1920 136 1975 Nam
148 1918 205 1989 quid
215 1918 248 1969 ita
260 1917 271 1971 ἓ

320 1992 428 2043 lirim
439 2005 482 2042 cu
490 2005 514 2043 s.

165 2066 229 2133 Quia
240 2082 287 2135 ego
298 2079 365 2117 tuum
377 2078 470 2135 patrem
481 2065 567 2115 faciam
576 2063 761 2133 pereuticidam.

258 2142 581 2194 Suuurreeocuu

74 2210 141 2279 Quid
151 2212 209 2264 istuc
220 2212 253 2265 est
264 2215 332 2266 verbi
343 2212 354 2261 ἕ

317 2287 404 2337 Earn
415 2301 424 2335 1
436 2300 451 2337 c
461 2300 480 2336 u
490 2300 513 2337 s.

254 2359 321 2409 Nihil
332 2376 414 2409 moror
424 2371 511 2409 vetera
522 2359 549 2410 8(
559 2360 658 2427 vulgata
667 2362 742 2411 verba
753 2389 763 2417 ‚

74 2430 178 2483 Peratim
189 2431 304 2483 duffltare
316 2448 324 2484 t
334 2444 359 2483 at
369 2449 416 2501 ego
427 2432 521 2483 follirim
531 2432 661 2483 duffltabo.
777 2450 807 2500 15

74 2508 137 2559 Nam
146 2508 203 2557 leno
214 2523 286 2559 omne
297 2518 423 2575 argentum
431 2506 524 2557 abstulit
533 2523 578 2573 pro
588 2504 701 2566 fidicina5
713 2520 762 2574 ego

146 2580 253 2640 resolvi,

2 2702 3 2707 ,
73 2652 188 2705 Manibus
202 2652 238 2704 his
254 2651 420 2712 dinumerari,
436 2664 506 2721 pater
522 2653 586 2707 suam
601 2664 682 2704 natam
691 2668 762 2718 quam

2 2726 3 2729 ’
147 2724 193 2777 ess‘e
204 2728 291 2781 credit.

2 2852 4 2881 τ
74 2802 146 2851 Nunc
166 2801 253 2851 iterum
270 2814 298 2853 ut
316 2801 412 2852 fallatur
431 2814 519 2870 pater,
539 2800 631 2867 tibique
648 2800 761 2851 auxilium

147 2888 276 2941 apparetur
285 2908 295 2937 ‚
