2000 3650
227 280 319 372 428
438 269 717 354 Cnstnn.

227 407 265 458 Ut
273 408 328 473 ipsae
340 406 396 456 solae
405 419 505 458 ventres
517 405 649 456 distendant
659 405 724 456 suos.

182 485 217 523 20
228 482 294 530 Novi
308 499 355 548 ego
366 483 418 531 ssles
429 483 509 530 ambas
520 479 617 529 estrices
631 498 638 530 ι
653 480 772 530 corbitam
784 478 832 532 cibi

229 555 338 606 Comesse
349 555 453 622 possunt.
466 555 515 604 Sed
524 555 631 621 aperitur
642 552 736 606 ostium.

228 751 906 768 m

277 874 325 972 A
370 875 413 972 C
458 879 503 974 T
546 879 667 977 US
738 881 867 980 IV.

369 1071 629 1157 SCENA
690 1071 771 1159 II.

279 1267 503 1323 STALINO.
542 1267 869 1329 nnuntnlscnr

484 1423 661 1477 sunno.

228 1508 264 1622 S
275 1586 284 1620 1
300 1569 379 1636 sapitis
391 1607 399 1632 ,
414 1589 494 1633 uxor,
507 1569 553 1624 voe
563 1584 645 1624 tamen
657 1567 794 1635 cenobitis,

227 1641 295 1693 Cena
305 1646 346 1696 ubi
357 1649 404 1698 erit
413 1648 489 1699 cotta.
504 1647 557 1715 Ego
569 1651 619 1699 ruri
630 1665 761 1700 cenavero.

225 1716 250 1765 N
251 1733 288 1767 am
300 1736 388 1770 novom
401 1723 510 1772 maritum
521 1722 547 1771 ὃ(
559 1739 646 1773 novam
656 1737 755 1790 nuptum
765 1723 825 1773 volo

225 1787 276 1843 Rus
287 1795 408 1862 prosequi.
423 1797 489 1848 Novi
502 1797 624 1847 hominum
633 1814 714 1851 mones
724 1796 868 1858 maleficos,

196 1881 210 1931 5
225 1864 264 1915 Ne
277 1868 329 1933 quis
343 1886 395 1919 eam
407 1872 518 1939 abripiat·
536 1871 618 1921 Facite
628 1872 708 1922 vostro
720 1873 799 1923 animo
810 1875 913 1939 volupe.

225 1938 274 1989 Sed
283 1958 414 2009 properate
427 1946 493 1996 istum
505 1960 578 2013 atque
591 1944 656 1995 istam
665 1946 771 1996 afrotum
781 1948 913 2007 emittete;

224 2012 334 2065 Tandem
346 2032 373 2067 ut
382 2022 507 2070 veniamus
516 2021 565 2069 luci
575 2038 584 2071 :
596 2037 643 2089 ego
653 2038 705 2072 cras
715 2020 754 2071 htc
765 2038 820 2073 ero.

224 2084 285 2139 Cras
296 2090 403 2143 habuero
417 2126 424 2152 ,
437 2109 518 2152 uxor,
532 2110 581 2163 ego
589 2108 670 2145 tamen
680 2092 830 2149 convivium.

369 2186 370 2190 ¹
440 2164 698 2219 Pnnunnrscn.

222 2233 279 2293 Fit,
295 2238 361 2303 quod
373 2240 479 2291 futurum
490 2242 538 2291 dixi
551 2260 558 2293 ι
571 2243 709 2298 incenatum
721 2243 802 2295 senem

177 2325 209 2363 10
222 2308 240 2360 F
243 2325 297 2363 oras
307 2316 439 2367 extrudunt
450 2316 573 2367 mulieres.

475 2391 653 2443 sumno,

627 2459 631 2466 ’
663 2466 820 2532 Quidtuhic
833 2467 912 2541 agis?

432 2538 694 2595 Pnnnnntscn.

220 2602 275 2675 Ego
284 2622 316 2661 eo
328 2608 375 2679 quo
385 2628 424 2664 me
434 2614 483 2681 ipsa
493 2615 562 2665 misrt.
591 2676 596 2683 ,

472 2688 650 2742 sunno.

522 2784 534 2790 ’·
573 2764 580 2776 ”
607 2760 731 2821 Veron’?
