2000 3650
204 349 280 420 zio
363 335 742 416 ASJNARJA.

201 473 272 524 Adsta
284 506 291 531 ,
308 484 336 521 ut
347 470 489 520 descendam
499 485 563 519 nunc
573 467 622 536 jam
633 469 657 520 in
667 468 769 537 proclivi
784 503 792 530 ‚
812 487 889 538 quan·

139 561 188 594 120
272 563 342 613 quam
352 561 455 611 nequam
466 560 503 592 ἐς.

414 617 463 666 An
472 630 490 666 o
500 629 517 664 t
527 615 562 664 itt
573 629 637 666 ιιυ
646 630 669 666 ε.

202 692 268 758 Quid
278 709 341 742 nunc
353 689 364 740 ἓ
384 690 497 757 quoniam
507 690 596 750 ambo,
617 702 645 740 ut
656 688 689 740 est
700 689 801 741 lubitum
813 723 820 750 ,
842 706 888 743 nos

274 764 404 824 delusistis,

201 839 302 890 Datisne
314 851 438 908 argentum
450 834 461 887 ἒ

454 911 632 962 Ltuuuuo

364 984 486 1053 Siquidem
496 986 554 1034 mihi
564 984 662 1034 statuam
674 983 700 1034 δι
710 999 775 1034 aram
786 981 866 1035 statuis
878 1018 886 1044 ‚

200 1058 282 1128 Atque
298 1069 326 1109 ut
336 1059 396 1109 Deo
405 1059 463 1110 mihi
473 1058 512 1111 hic
529 1059 637 1110 immolas
648 1059 737 1109 bovem
750 1073 823 1109 :nam
840 1074 887 1127 ego

272 1134 317 1186 tibi
326 1134 396 1185 Salus
407 1133 465 1183 sum.

452 1206 496 1256 Le
507 1220 524 1257 o
534 1221 570 1256 nt
581 1219 599 1256 ιι
609 1220 639 1257 Α.

201 1281 281 1332 Etiam
290 1293 334 1341 tu,
350 1281 410 1331 here
422 1313 429 1338 ,
441 1278 515 1329 istunc
526 1297 624 1331 amoves
635 1276 733 1330 abste?
752 1291 825 1348 atque
835 1277 885 1347 ipse

274 1371 312 1402 me
323 1353 449 1420 aggredire
461 1349 472 1401 ἓ

202 1427 283 1493 Atque
294 1427 334 1475 illu
344 1425 384 1474 fibi
396 1442 448 1492 que
459 1422 498 1475 hic
509 1422 606 1492 jusserat
620 1459 629 1486 ,
647 1425 704 1477 mihi
714 1424 793 1494 statuit
804 1458 812 1488 ,
832 1423 887 1494 sup·

139 1508 170 1544 12
175 1508 188 1556 5
273 1497 416 1566 plicasquei
608 1513 610 1518 ·

190 1630 193 1634 ¹
417 1570 669 1623 Auentinus.

200 1645 282 1712 Quem
291 1657 319 1699 te
329 1657 411 1698 autem
422 1646 505 1697 Deum
516 1645 637 1695 nominem
648 1642 659 1695 i

450 1720 522 1769 Lto
533 1734 550 1768 u
560 1736 569 1769 1
581 1732 600 1768 o
610 1733 640 1769 n.

393 1836 396 1841 .
457 1795 607 1858 Fortunam,
625 1804 698 1861 atque
713 1789 886 1863 obsequelam.

418 1868 494 1920 Ano
503 1883 564 1921 titt
573 1884 587 1919 t
596 1884 610 1919 ι
619 1882 637 1918 u
646 1882 671 1919 s.

201 1938 254 1996 Jam
264 1940 323 1994 istoc
333 1960 360 1995 es
374 1946 470 2009 melior.

454 2016 491 2065 [ι
501 2030 515 2063 n
527 2028 571 2064 tn
579 2028 629 2064 us.

432 2085 472 2137 An
482 2088 539 2153 quid
550 2086 582 2136 est
592 2083 682 2134 homini
693 2083 766 2133 salute
777 2082 862 2135 melius
874 2082 886 2136 i
919 2090 922 2100 '

417 2160 467 2210 Αιι
475 2175 493 2211 o
504 2176 521 2211 t
529 2174 565 2209 ιιι
576 2173 638 2209 eeu
646 2173 669 2210 s.

202 2234 272 2285 Licet
292 2233 388 2284 laudem
407 2235 557 2294 Fortunam,
579 2245 661 2284 tamen
680 2243 708 2283 ut
727 2248 759 2282 ne
779 2230 886 2283 Salutem

176 2313 182 2323 ’
261 2308 380 2375 'culpem
407 2360 411 2370 ,

427 2380 445 2431 P
455 2396 473 2431 ιι
483 2398 492 2431 ι
504 2396 519 2429 ι
531 2394 590 2431 utu
601 2394 662 2432 um.

203 2453 300 2505 Ecastor
310 2456 385 2505 ambae
398 2455 450 2505 sunt
460 2456 541 2505 bonae.

409 2528 671 2601 Mentitus.

492 2603 571 2653 Sciam
581 2602 621 2651 ubi
628 2599 688 2651 boni
697 2596 754 2667 quid
765 2596 883 2649 dederint.

453 2676 497 2725 [ε
508 2690 524 2725 0
534 2690 570 2725 nt
581 2688 599 2723 n
610 2688 639 2725 A.

141 2761 190 2813 130
204 2748 272 2815 Opta
281 2747 306 2799 id
317 2748 400 2817 quod,
415 2761 442 2801 ut
453 2750 577 2819 continget
592 2748 635 2799 tibi
647 2782 654 2808 ‚
665 2746 712 2800 vis.
