2000 3650
248 369 333 458 284
389 353 797 438 Automala·

507 488 554 537 Eu
563 501 579 537 c
588 499 603 533 ι
613 501 623 534 ι
633 497 663 535 ο.

243 563 310 617 Dum
321 562 416 630 quidem
427 579 457 612 ne
469 560 526 629 quid
537 558 709 626 perconteris,
731 557 798 625 quod
810 556 868 612 mihi
881 574 933 609 non

316 639 397 688 lubeat
408 635 530 703 proloqui.
578 666 582 691 ι

459 709 713 758 Maounonuu
754 733 759 742 ·

197 791 229 848 35
244 785 293 837 Dic
301 783 444 851 mihi,quali
450 797 488 833 me
495 782 611 831 arbitrare
617 795 708 846 genere
714 777 877 852 prognatum?

507 854 578 904 Eue
587 866 603 900 ι
612 869 622 902 ι
633 866 662 903 ο.

848 925 931 979 Bono.

460 1001 714 1053 Maernouuu

246 1075 313 1143 Quid
325 1075 371 1129 fide
383 1073 395 1127 ἒ

512 1147 669 1199 Ευοιιο.
732 1212 734 1215 Ι

353 1222 430 1274 Bona.

461 1292 715 1347 Mroaoonum

380 1364 382 1368 ¹
417 1364 483 1434 Quid
493 1364 584 1419 fauis²

506 1441 664 1491 Eucuro
739 1467 744 1485 ·.

518 1515 606 1580 Neque
616 1513 684 1563 malis
694 1543 701 1572 ,
717 1528 796 1580 neque
805 1511 929 1580 improbis.

461 1585 714 1650 Muoanouus.

246 1655 354 1714 AEtatem
364 1675 441 1712 meam
451 1660 515 1710 scis
508 1659 519 1696 i

509 1735 665 1784 Eucrro

392 1808 448 1859 Scio
458 1805 505 1859 effe
515 1809 648 1876 grandem,
663 1806 746 1858 itidem
755 1818 782 1858 ut
793 1806 930 1875 pecuniam.

448 1883 714 1932 ΜεοΑυοιωε.

248 1954 323 2007 Certe
342 1956 430 2022 edepol
449 1954 560 2021 equidem
577 1966 603 2003 te
622 1954 701 2003 civem
718 1951 766 2003 {ine
786 1955 848 2005 mala
865 1955 932 2007 omni

318 2030 406 2077 malitia

247 2102 347 2167 Semper
356 2100 404 2150 sum
415 2098 560 2157 arbitratus,
578 2097 605 2148 ἀ
615 2112 678 2147 nunc
688 2097 801 2151 arbitror.

505 2171 662 2239 Eueno.

603 2254 608 2261 ‘
647 2246 789 2300 Aurum
799 2244 855 2296 huic
866 2246 931 2299 olet.

196 2336 233 2387 40
244 2316 312 2386 Quid
321 2334 384 2369 nune
394 2333 433 2368 me
442 2316 496 2375 vis,
489 2315 500 2353 ²

461 2376 712 2443 Muounomus

353 2464 475 2529 Quoniam
484 2479 511 2516 ru
521 2483 577 2523 me,
589 2446 618 2516 &
627 2482 675 2533 ego
684 2480 710 2515 re
720 2464 794 2532 qualis
805 2456 848 2525 fis,
859 2465 927 2517 seio.

246 2537 424 2601 Quaeresreiie
431 2551 521 2598 vortat
530 2539 644 2605 mihique,
652 2539 753 2605 tibique,
760 2538 927 2604 tuaequefiliae,

244 2604 327 2661 Filiam
335 2618 400 2662 tuam
408 2612 464 2661 mrhr
473 2629 574 2661 uxorem
582 2612 673 2677 posco
683 2614 797 2678 prormtte
805 2612 854 2663 hoc
862 2614 927 2674 fore

504 2680 663 2735 Eueno.

243 2754 288 2808 Eia
303 2755 459 2831 Megadoro,
476 2757 542 2809 haud
560 2758 676 2812 decorum
691 2757 783 2825 facimus
798 2759 845 2813 tuis
859 2758 927 2814 faffis

315 2830 392 2889 faris,

889 2906 927 2958 Ut
