2000 3650
234 365 322 437 106
394 351 788 436 Αιιιιιιιιι..
857 378 860 383 ·

478 487 659 538 ιιιιιιιιυε.
717 521 721 527 -

229 563 304 630 Cupis
314 561 357 621 id,
372 560 436 628 quod
449 577 538 628 cupere
552 573 578 611 te
592 560 751 634 nequicquam
765 559 894 633 intellego.

160 662 163 670 ·
229 637 346 686 Dotalem
356 634 448 685 servom
458 635 572 684 Sauream
582 649 643 683 uxor
653 646 696 684 tua

228 707 354 768 Addunt,
371 707 410 758 cui
419 710 472 775 plus
483 708 507 757 in
515 723 586 756 manu
595 705 623 757 fit
634 710 704 772 qudm
713 707 767 762 tibi.

437 781 695 832 Drmmutrus.

229 853 364 922 Argentum
374 855 476 922 accepi,
491 854 551 904 dote
562 853 687 919 imperium
695 853 803 904 vendidi.

180 927 214 976 75
229 929 300 979 Nunc
312 929 386 978 verba
396 929 421 978 in
431 944 508 994 pauca
518 927 641 984 conferam
652 921 729 995 {quid
739 941 765 980 te
774 926 858 978 velim.

228 1001 322 1068 Viginti
335 999 383 1068 jam
393 1001 463 1051 usu’t
473 1000 524 1052 tilio
536 1001 630 1069 argenti
640 1001 719 1054 minio.

228 1074 293 1127 Face
303 1074 328 1126 id
339 1087 366 1126 ut
375 1087 484 1142 paratum
493 1073 541 1140 jam
551 1073 587 1124 sit.

480 1147 662 1198 Lirinus.

695 1219 768 1270 Unde
782 1215 913 1287 gentium?

439 1292 697 1344 Demaratus.

228 1365 273 1417 Me
287 1364 438 1417 defraudato.

480 1436 518 1486 Lr
530 1450 543 1488 ι
553 1451 570 1488 ιι
580 1451 597 1486 n
607 1451 657 1488 us.

625 1511 753 1561 Maxumas
764 1527 838 1579 nugas
850 1513 911 1582 agis.

228 1583 301 1634 Nudo
313 1584 441 1639 detrahere
451 1583 591 1634 vestimenta
601 1599 640 1634 me
651 1583 729 1649 jubes.
911 1581 912 1584 ’

181 1656 214 1708 ao
226 1657 378 1707 Deiraudem
388 1670 414 1708 te
424 1674 472 1726 ego
484 1655 495 1706 i
511 1655 595 1724 agesis
606 1691 614 1716 ‚
633 1669 660 1707 tu
670 1656 718 1707 sine
729 1658 813 1723 pennis
824 1659 892 1710 vola.

226 1729 298 1780 Tene
309 1746 356 1798 ego
367 1731 526 1788 defraudem,
538 1729 577 1781 cui
586 1729 627 1797 ipsi
638 1731 696 1780 nihil
707 1730 740 1780 est
749 1731 773 1780 in
782 1729 874 1782 manu?

226 1802 276 1856 Nifi
286 1804 342 1872 quid
353 1816 382 1859 tu
395 1802 471 1874 potrd
480 1819 583 1855 uxorem
596 1804 784 1857 defraudaveris.

440 1879 466 1929 D
475 1891 492 1927 ιι
500 1892 524 1927 m
532 1892 583 1928 mu
593 1890 662 1928 cru
672 1892 694 1929 s.

225 1948 282 2013 Qud
292 1967 330 2002 me
340 1983 348 2009 ‚
367 1954 413 2017 qut
424 1968 542 2010 uxorem,
561 1955 608 2017 qud
619 1964 645 2001 tu
656 1951 749 1999 servom
760 1950 875 2002 Sauream

225 2022 319 2082 Potes,
336 2024 509 2081 circumduce,
526 2023 594 2072 aufer
606 2040 614 2080 ;
630 2022 746 2087 promitto
757 2022 801 2071 tibi

179 2097 212 2161 85
226 2097 284 2146 Non
293 2095 424 2146 offuturum
435 2127 443 2154 ‚
462 2093 479 2145 fi
489 2094 514 2143 id
524 2094 597 2144 hodie
608 2093 728 2146 effeceris.

477 2167 515 2217 ιι
525 2180 539 2217 ι
549 2180 567 2218 n
577 2180 594 2216 n
603 2180 622 2215 ιι
632 2182 655 2217 s.

225 2239 316 2293 Iubeas
324 2256 372 2290 una
382 2256 457 2306 opera
466 2256 505 2291 me
516 2240 600 2307 piscari
609 2242 633 2290 in
643 2238 699 2291 'adre
711 2273 719 2300 ,

224 2314 316 2370 Venari
324 2324 406 2364 autem
415 2328 469 2366 rete
478 2313 560 2381 jaculo
571 2316 596 2365 iu
606 2314 686 2365 medio
696 2313 764 2367 mati.

177 2442 180 2447 ,
440 2389 466 2439 D
475 2400 580 2439 tumn
591 2402 633 2439 ιιι
641 2400 660 2438 υ
669 2402 694 2440 s.

224 2459 281 2511 Tibi
292 2461 416 2529 optionem
427 2462 512 2513 sumito
525 2461 667 2513 Leonidam.

224 2534 352 2586 fabricare
362 2535 455 2604 quidvis
465 2569 473 2596 ‚
488 2536 582 2603 quidvis
592 2534 782 2587 comminiscere.

176 2606 211 2659 90
226 2606 338 2658 Perticito
347 2610 556 2676 argentumhodie
567 2621 594 2659 ut
602 2610 691 2660 habeat
700 2607 762 2661 filius
772 2641 788 2678 ⁹,
882 2611 885 2616 ’

224 2680 316 2732 Amica·
329 2682 395 2750 quod
406 2683 459 2735 det.
744 2678 747 2683 ’

475 2755 514 2807 L1
525 2769 539 2806 ι
549 2757 566 2809 d
575 2769 593 2805 u
603 2768 622 2805 u
630 2770 654 2807 s.

556 2828 623 2894 Quid
633 2829 666 2883 ais
677 2839 704 2881 tu
714 2862 727 2901 ,1
739 2824 909 2881 Demaden?
