2000 3650
226 311 310 381 232
368 282 772 368 Anamari.

456 419 497 469 Sa
505 432 525 467 a
533 431 594 466 our
604 430 678 468 aus.

225 492 252 544 Si
262 506 300 542 me
310 490 419 560 torqueri
428 489 520 558 jusseris
531 491 561 540 ad
572 507 675 550 necem,
691 489 748 540 vide

228 566 295 632 Quid
303 566 450 632 consequare
462 581 468 614 :
479 561 581 631 primum
590 564 652 613 servi
661 564 761 616 exitium
768 562 864 625 haben

180 653 216 700 4ο
228 639 325 690 Deinde
335 639 400 706 quod
411 636 578 703 concupiscis,
594 637 660 688 ferre
670 655 721 691 non
729 650 814 704 potes.

229 712 263 762 At
273 711 289 760 st
298 725 325 762 tu
337 711 412 764 dulcis
423 711 541 762 libertatis
551 711 650 776 praemio

227 785 328 836 Dudum
340 783 473 850 captasses,
485 782 623 851 jamdudum
635 783 699 834 votis
711 784 779 836 fores

229 857 333 910 Potitus.
347 857 440 908 Omnes
451 869 537 907 natura
545 857 607 923 parit
616 857 707 907 liberos
717 873 727 908 a

230 931 262 982 Et
272 947 355 981 omnes
369 931 474 980 libertati
484 930 568 981 naturai
578 929 681 980 student.
766 923 772 938 ⁴

184 1017 217 1068 45
232 1003 306 1054 Omni
315 1005 379 1053 malo
390 1037 398 1062 ,
415 1005 480 1054 omni
490 1003 566 1054 exitio
576 1002 647 1069 pejor
656 1001 756 1054 servitus
768 1016 778 1051 ε

232 1075 264 1130 Et
272 1094 344 1146 quem
353 1076 367 1130 J
369 1077 463 1145 uppiter
473 1078 525 1127 odit
535 1111 543 1136 ‚
557 1076 652 1126 servom
662 1077 726 1126 hunc
734 1071 836 1143 primun
845 1073 916 1126 facit.

456 1150 688 1205 Laconibus

233 1225 291 1277 Non
301 1221 371 1276 stulte
382 1225 498 1294 loqueris.

388 1317 398 1345 ι
459 1297 681 1350 Srnoerrun
794 1352 797 1359 Δ

605 1371 670 1425 Audi
681 1369 773 1437 reliqua
783 1384 847 1420 nunc
856 1367 920 1437 jam.

234 1442 347 1494 Tenaces
355 1440 451 1494 nimium
461 1441 572 1494 dominos
581 1443 659 1494 nostra
668 1456 726 1494 atas
733 1443 807 1503 tulit,

237 1517 306 1582 Quos
321 1517 499 1585 Harpagonas‚
518 1517 640 1584 Harpyias
656 1517 810 1568 &Tantalos

191 1608 225 1660 50
236 1591 335 1642 Vocare
345 1591 426 1648 soleo,
439 1591 463 1640 in
475 1591 560 1656 opibus
569 1591 660 1658 magnis
668 1606 804 1658 pauperes,

236 1662 268 1713 Et
276 1662 404 1716 fitibundos
411 1664 438 1712 in
446 1665 528 1714 medio
537 1664 634 1714 Oceani
641 1664 746 1732 gurgite.

237 1738 316 1787 Nullae
331 1737 383 1787 satis
396 1737 441 1786 illis
455 1737 544 1788 divitiae
555 1737 608 1787 sunt
620 1753 628 1787 z
639 1754 689 1790 non
699 1736 790 1795 Midae,

237 1810 295 1861 Non
307 1809 400 1870 eroefi,
415 1828 465 1865 non
475 1811 551 1863 omnis
563 1809 689 1874 Persarum
698 1810 768 1876 copia
782 1828 786 1835 ·
804 1835 808 1842 ·

167 1926 169 1931 .
239 1883 343 1950 Explere
353 1885 449 1936 illorum
457 1899 586 1937 tartaream
595 1884 725 1952 ingluviem
734 1881 823 1952 potest-

195 1966 225 2017 55
239 1957 323 2025 lnique
333 1958 423 2009 domini
433 1959 506 2009 servis
515 1971 614 2008 utuntur
624 1958 679 2008 suis.

238 2030 315 2087 Sicfit
325 2032 452 2090 neutrobi',
463 2032 528 2098 quod
541 2030 594 2082 fieri
602 2030 688 2097 justum
700 2031 775 2095 foret.

239 2104 348 2162 Penum‚
365 2105 483 2171 popinas,
500 2106 576 2155 cellas
585 2105 760 2171 promptuarias

203 2196 206 2203 ⁴
239 2176 381 2229 Occludunt
389 2178 453 2227 mille
467 2178 573 2227 clavibus
582 2179 648 2244 parci
657 2179 725 2229 lenes
734 2194 744 2237 3

241 2249 304 2314 Quae
317 2250 357 2299 vix
369 2250 481 2317 legitimis
490 2251 593 2305 concedi
600 2252 664 2315 uatis
672 2253 777 2315 volunt,

195 2320 231 2374 60
241 2323 310 2373 Servi
321 2322 433 2393 furacesa
449 2323 587 2389 verlipelles
598 2358 606 2383 ,
616 2324 720 2396 pallidi,

242 2394 347 2448 Occlusa
357 2398 421 2446 mille
432 2398 539 2447 clavibus
550 2397 590 2462 libi
599 2397 707 2449 reserant
718 2414 727 2456 3

242 2469 380 2537 furtimque
393 2482 509 2535 raptant,
525 2471 683 2532 consuuntur,
700 2468 834 2539 lippiunt,
911 2486 915 2495 ’

242 2541 354 2593 Centena
364 2560 483 2609 nunquam
494 2544 557 2594 furta
568 2544 651 2595 dicturi
661 2560 753 2595 cruces

242 2615 283 2665 Sic
293 2618 431 2666 servitutem
442 2616 587 2667 ulciscuntur
600 2618 662 2668 servi
671 2619 726 2667 mali

197 2684 214 2741 6
218 2700 231 2751 5
243 2687 300 2739 Risu
309 2687 425 2757 jocisque.
437 2690 478 2739 Sic
490 2708 550 2757 ergo
559 2692 680 2755 concludo
691 2724 700 2752 ,
715 2689 781 2759 qued

244 2758 333 2812 Servos
344 2760 427 2812 fideles
437 2763 567 2815 liberalitas
577 2763 645 2816 facit.

696 2831 928 2890 chourorn
