2000 3650
266 353 349 429 134
420 325 794 410 Asinium.
874 360 878 374 ·

262 464 329 515 Dare
339 459 431 529 juffetit
442 461 611 514 Demaenetus.

508 533 552 584 Lu
562 547 579 584 o
590 548 625 584 uu
634 546 652 582 n
660 545 690 584 u.

532 643 535 650 .
559 607 597 658 lta
607 606 681 658 facito
694 620 701 655 ε
712 622 757 674 age
767 606 861 657 ambula
872 623 944 676 ergo.

262 683 302 734 'su
312 681 480 738 contumeliam
490 680 561 730 alteri
571 680 644 730 facias
654 714 661 738 ,
676 680 719 730 tibi
729 697 779 734 non
793 681 906 736 dicatur?
919 746 923 750 ⁸

252 757 321 809 ‘Tam
330 771 378 825 ego
387 756 461 807 homo
471 754 521 805 sum
530 757 599 821 quum
609 766 645 803 tu.

485 827 517 884 M
526 841 542 878 ε
552 841 571 877 n
579 841 595 882 c
604 842 622 877 Α
630 841 649 877 τ
658 840 675 877 o
684 841 713 877 n.

547 900 645 950 Scilicet
654 901 687 950 ita
696 916 736 952 tes
746 898 790 954 est.

512 973 533 1023 L
541 987 557 1024 ε
566 987 583 1025 o
593 988 610 1024 u
619 989 629 1023 1
639 987 657 1022 n
665 987 694 1024 Α.

695 1047 802 1115 Sequere
812 1046 858 1098 huc
868 1063 941 1116 ergo.

257 1121 384 1175 Praefisciui
394 1122 443 1172 hoc
452 1137 517 1173 nunc
527 1119 627 1170 dixerim
643 1153 652 1179 ‚
676 1135 747 1171 nemo
766 1119 838 1170 etiam
848 1135 887 1172 me
898 1138 943 1171 ac-

330 1197 420 1248 cusavit

256 1269 350 1320 Merito
366 1285 441 1325 meo,
461 1283 541 1334 neque
559 1281 598 1317 me
615 1264 717 1320 Athenis
734 1263 768 1322 est
786 1267 848 1321 alter
865 1267 941 1324 hodie

211 1347 244 1410 85
256 1413 303 1465 Cui
313 1342 533 1480 tigidiqileagi’aequb
545 1426 642 1480 putent·

481 1487 512 1541 M
520 1501 536 1537 n
546 1502 565 1537 n
573 1503 589 1537 c
598 1503 616 1536 u
625 1501 643 1536 τ
652 1499 669 1539 ο
678 1499 706 1538 κ.

611 1561 629 1611 F
631 1558 721 1610 ottaffis
734 1575 741 1609 ε
756 1557 797 1609 sed
807 1576 846 1610 me
857 1574 941 1612 tamen

253 1635 381 1701 Nunquam
389 1634 462 1684 hodie
470 1633 570 1684 induces
580 1667 587 1693 ‚
599 1647 626 1684 ut
635 1634 677 1683 tibi
687 1633 782 1683 credam
790 1633 838 1683 hoc
849 1651 940 1703 argen-

323 1721 375 1757 tum
387 1709 480 1776 ignoto.

252 1780 333 1849 Lupus
345 1781 378 1833 est
391 1782 465 1833 homo
479 1779 590 1841 homini,
608 1797 657 1833 non
666 1779 740 1832 homo
751 1795 761 1839 ι
778 1793 850 1851 quom
860 1779 939 1850 qualis

323 1854 368 1914 sit,
385 1874 434 1906 non
444 1858 521 1907 novit.

503 1930 522 1978 L
531 1942 546 1976 ε
555 1941 572 1976 o
583 1942 617 1976 ui
626 1940 645 1974 n
655 1941 684 1976 Α.

252 2000 305 2053 Jam
317 2019 381 2054 nunc
392 2002 495 2051 {emunda
504 2000 561 2049 mihi
573 2000 642 2051 sacis.
656 1998 750 2048 Scibam
759 1996 816 2048 huic
828 2011 854 2049 te
867 1999 942 2067 capi-

324 2077 376 2123 tulo
386 2074 459 2123 hodie

252 2146 376 2197 Fastumm
387 2145 440 2195 satis
451 2160 495 2210 pro
505 2142 599 2210 injuria.
612 2142 756 2210 Quanquam
766 2159 813 2211 ego
824 2145 874 2194 sum
885 2146 936 2198 sor·

203 2220 238 2270 9⁰
323 2219 432 2276 didatus,

250 2290 322 2359 Frugi
329 2304 412 2344 tamen
420 2292 470 2343 sum
484 2323 491 2348 ‚
511 2306 558 2339 nec
567 2288 646 2355 potest
656 2290 777 2355 peculium
787 2292 932 2347 enumcrari.

472 2364 529 2421 ,Mn
537 2377 580 2414 nc
589 2377 607 2418 ,Α
616 2377 659 2414 το
670 2376 699 2415 ι.

248 2437 364 2494 fmlffeu

501 2511 573 2565 Luo
581 2526 616 2560 ui
627 2525 645 2559 n
654 2525 683 2561 u.

302 2585 382 2637 Etiam
392 2602 456 2639 nunc
466 2584 522 2635 dicu
536 2600 543 2635 τ
557 2584 702 2649 Periphanes
711 2582 800 2635 Rhodo
809 2598 932 2638 mercator

246 2656 341 2717 Dives,
355 2659 452 2708 absente
462 2661 522 2708 hero
532 2657 595 2709 solus
604 2658 660 2705 mihi
670 2660 786 2707 talentum
795 2659 889 2725 argenti

246 2729 298 2780 Soli
306 2732 487 2791 annumeravit,
497 2731 524 2783 δι
532 2731 589 2781 mihi
598 2730 714 2790 credidit,
724 2748 802 2798 neque
811 2732 929 2799 deceptus

316 2820 342 2854 m
354 2820 396 2854 eo·
