2000 3650
135 305 304 390 Acws
336 305 400 393 II.
431 309 509 394 Sc.
546 309 650 397 VII.
680 342 774 418 4⁰3

87 445 169 512 Quim
179 446 204 496 id
214 445 355 514 expetivisse
366 462 441 514 opere
452 458 501 498 tam
511 465 600 518 magno
609 451 691 502 senem
704 483 712 511 ‚

86 521 127 570 Ne
137 537 166 570 ea
176 520 233 570 mihi
244 521 358 580 daretur,
370 533 443 588 atque
454 535 481 573 ut
490 523 525 574 illi
536 525 649 577 nuberet.

86 595 123 645 Ut
134 594 175 644 ille
185 595 322 662 trepidabat
334 595 339 645 !
353 607 381 645 ut
391 595 516 648 festinabat
524 598 595 648 miser
606 597 614 647 !

86 669 124 720 Ut
135 665 268 719 suffultabat
279 703 287 728 ,
304 669 427 737 postquam
436 671 494 721 vicit
504 670 598 724 villicus
609 670 617 721 Ξ
787 682 821 727 Ιο

86 743 165 802 Atat,
179 743 312 793 co'ncedam
322 745 369 794 huc
384 760 390 794 τ
403 745 474 795 audio
485 745 573 812 aperiri
583 746 650 800 foret

85 817 151 867 Mihi
158 817 353 869 benevolentem.
365 817 447 884 Atque
458 835 472 866 a
482 835 521 869 me
532 819 662 885 prodeunt.

85 890 135 942 Hic
147 907 178 943 ex
191 890 276 942 insidiis
286 893 351 944 hisce
364 907 412 960 ego
423 891 515 944 infidias
527 893 600 946 dabo.

100 1061 773 1112 m

121 1201 293 1313 .A'c
334 1219 380 1312 T
425 1217 470 1314 U
510 1221 539 1314 S
596 1221 691 1325 ΙΙ.

82 1399 91 1426 ··
197 1410 427 1496 scENA
497 1410 653 1502 VJJJ.

85 1599 290 1659 OLYMPIO.
319 1603 514 1660 STALINO.
544 1608 769 1667 CHALINUS.

334 1757 522 1813 otium.

84 1863 177 1979 Siue
189 1922 263 1977 mod&
271 1942 311 1976 tus
319 1926 402 1977 veniat
412 1960 418 1985 ,
431 1943 479 1995 ego
488 1927 608 1978 remittam
618 1928 648 1978 ad
657 1940 683 1979 te
693 1928 770 1981 virum

86 1999 148 2051 Cum
157 2002 225 2051 furca
235 2000 260 2051 iu
270 2001 354 2052 urbem
365 2035 373 2060 ,
393 1999 690 2069 tanquam‘catbouarium.

337 2075 380 2126 Su
388 2090 406 2126 Α
416 2090 431 2126 ι
440 2090 449 2125 1
460 2090 478 2126 u
488 2088 517 2127 0.

84 2149 122 2200 lta
133 2146 186 2200 fieti
196 2159 304 2217 oportet.

337 2221 411 2275 Οιγ
419 2240 442 2274 u
451 2239 483 2274 ιη
493 2238 523 2275 ο.

416 2299 527 2348 “Festum
539 2297 564 2349 δι
576 2311 685 2349 tumtum
696 2297 768 2351 dabo.

338 2370 518 2421 summu.
701 2378 708 2389 ’

84 2442 162 2497 Volui
173 2442 300 2495 Chalinum
311 2478 318 2502 ,
332 2444 348 2495 s1
360 2445 425 2495 domi
435 2444 495 2495 effet
506 2478 514 2503 ‚
528 2444 625 2493 mittere

84 2519 180 2569 Tecum
190 2518 330 2569 obsonatum
342 2552 349 2579 ,
368 2531 396 2569 ut
407 2519 478 2569 etiam
488 2520 513 2588 iu
523 2510 628 2570 moetote
639 2513 734 2584 insuper
783 2533 796 2583 5

86 2592 186 2644 Inimico
196 2592 278 2645 nostro
288 2592 403 2643 miseriam
413 2594 475 2643 hanc
486 2590 652 2661 adjungerem.

309 2674 311 2679 '
331 2666 377 2717 Cu
388 2680 406 2717 Λ
416 2680 431 2718 ι
440 2684 450 2717 ι
459 2682 477 2718 u
485 2680 536 2717 us.

86 2739 204 2792 Receffim
215 2741 299 2792 cedam
309 2740 340 2792 ad
349 2741 466 2809 parietem
477 2776 484 2801 ‚
500 2741 611 2791 imitabor
620 2755 716 2807 nepam.

86 2814 227 2885 captandus
237 2816 272 2868 est
280 2818 366 2870 horum
377 2818 512 2869 clanculum
521 2816 599 2867 sermo
609 2814 674 2939 πιὶὴίι.
684 2884 698 2899 ⁰

683 2903 699 2953 ι1
