2000 3650
201 317 367 402 Acws
406 317 457 403 V.
489 318 566 404 Sc.
596 320 635 404 I.
695 349 777 421 301

372 453 510 508 Hecto.
661 499 665 503 ,

71 572 74 576 .
559 531 578 580 F
580 530 644 581 ecisti
657 564 664 590 ‚
680 544 708 582 ut
718 533 780 593 tibi,

95 601 263 663 Phildctates,
275 619 395 670 nunquam
404 603 497 654 telerre
509 607 608 672 gratiam
617 603 699 670 pollini
709 606 780 665 satis,

97 676 203 728 Proinde
214 689 242 728 ut
250 688 277 726 tu
286 677 473 741 promeritusde
483 695 522 727 me
533 678 559 728 δι
568 675 695 729 filio'nree.

225 791 229 799 .
285 747 591 803 Puiiorotemus.

282 823 284 826 ’
617 823 670 876 lmd
685 838 779 890 potes,

96 898 187 956 Pater,
204 897 230 948 δι
244 897 335 964 poteris
348 931 355 956 ,
368 897 394 948 &
405 914 452 966 ego
463 909 551 964 potero
566 913 573 948 ε
589 896 615 949 &
625 897 660 948 Di
670 915 723 948 eam
733 917 780 966 po-

168 971 278 1022 testatem
291 972 399 1030 debunt,

96 1046 134 1096 Ut
141 1044 285 1095 beneficium
293 1042 460 1094 benemerenti
471 1041 551 1092 nostro
560 1044 647 1092 merito
657 1060 777 1094 muneres.
795 1056 824 1104 ις

96 1121 165 1170 Sicut
174 1113 652 1186 tuliuicpeteupatermidaceremeritd
661 1117 778 1170 maxumd.

372 1189 466 1240 Hier
477 1203 507 1240 ο.
776 1187 780 1194 ’

97 1267 163 1332 Quid
174 1265 249 1333 opu'st
258 1263 361 1316 verbis?
379 1263 469 1332 Lingua
481 1263 546 1313 nulle
562 1261 615 1323 est,
633 1261 679 1331 qul
694 1280 782 1332 negem

169 1339 282 1407 quicquid
290 1356 372 1406 roges.
597 1360 600 1364 ⁴

297 1412 578 1462 Puteocuureu

96 1486 194 1538 Postulo
205 1488 247 1536 abs
261 1497 287 1536 te
299 1520 307 1547 ,
325 1499 352 1536 ut
361 1485 418 1536 mihi
428 1485 493 1535 illum
505 1485 590 1535 reddas
600 1485 695 1536 servom
710 1501 782 1552 quem

169 1559 207 1610 hic
218 1560 362 1626 reliqueram

95 1634 184 1702 Pignus
191 1650 290 1700 prome,
298 1633 338 1700 qui
345 1631 492 1682 mihimelior
498 1634 568 1698 quim
575 1630 615 1680 fibi
621 1632 714 1698 semper
720 1632 780 1683 fuit:

97 1707 145 1758 Pro
156 1707 286 1757 benefallis
302 1706 354 1774 eius
365 1707 400 1754 uti
412 1706 434 1753 ei
444 1705 547 1768 pretium
556 1704 639 1770 pollrm
648 1705 761 1756 reddere.
793 1717 827 1754 20

365 1777 461 1827 Hirci
473 1789 503 1827 0.

97 1855 172 1920 Quod
180 1852 452 1911 benefecisti,referetur
463 1849 575 1917 gratia,id
584 1852 649 1916 quod
658 1850 762 1915 polbrlas
772 1885 779 1909 ,

95 1929 128 1979 Et
135 1930 174 1985 id,
184 1929 208 1979 δι
217 1928 281 1977 aliud
289 1926 354 1993 quod
361 1942 400 1974 me
408 1925 487 1974 orabis
496 1923 656 1987 ,impetrabis.
665 1924 745 1990 Atque
755 1936 781 1975 te

96 2002 180 2053 Nolim
190 2000 329 2054 succensere
342 2034 349 2059 ,
362 1997 427 2068 quod
437 2014 484 2065 ego
495 1998 569 2047 iratus
580 1997 603 2047 ei
614 1997 663 2047 feci
672 1995 744 2048 male.

298 2074 581 2125 pernoctaret

97 2148 164 2217 Quid
175 2146 272 2201 fecisti?

371 2220 420 2271 He
430 2232 466 2272 ει
478 2234 507 2271 ο.

303 2296 332 2345 In
341 2295 480 2361 lapicidinas
492 2292 654 2358 compeditum
666 2291 780 2352 condidi,

96 2368 147 2421 Ubi
156 2367 241 2420 rescivi
250 2368 307 2419 mihi
318 2369 373 2417 data
384 2367 431 2416 effe
443 2368 527 2416 verba.
562 2392 565 2397 ·
794 2374 827 2423 25

297 2441 590 2491 Purioctttres..

548 2512 596 2565 Vae
606 2507 760 2559 miseremihi
774 2506 796 2557 l⁴
853 2526 857 2530 ·

100 2591 204 2659 Propter
233 2606 313 2639 meum
338 2599 410 2655 caput
438 2588 534 2637 labores
562 2583 653 2634 homini
679 2580 783 2632 evenille

173 2674 283 2731 optumo.

377 2734 402 2784 H
412 2746 453 2785 eu
464 2748 473 2781 r
484 2745 513 2782 ο.

99 2812 134 2865 At
145 2814 177 2863 ob
188 2827 241 2863 eam
250 2828 301 2863 rem
311 2808 369 2859 mihi
377 2808 482 2859 libellam
489 2820 535 2873 pro
543 2820 575 2856 eo
582 2801 676 2872 argenti
684 2818 715 2855 ne
722 2801 785 2855 duis,
