2000 3650
137 341 306 438 Acws
337 338 421 424 IV.
451 339 528 423 Sc.
558 339 618 425 X.
680 372 767 450 2²7

305 476 539 530 Lucouluuu

253 549 286 600 Et
296 550 352 600 mihi
362 552 394 600 ita
402 550 436 600 Di
447 551 536 603 faciant
545 551 551 600 !
560 550 625 602 Audi
634 569 697 603 nunc
706 552 764 620 jam.

77 623 130 690 Qui
137 623 213 675 homo
222 625 317 691 culpam
325 623 415 674 admisu
423 625 447 673 in
455 625 479 676 se
489 658 497 684 ‚
509 627 588 676 nullus
597 625 631 676 est
640 629 690 691 tam
697 629 765 694 parvi

149 696 238 765 preti,
776 697 810 750 6o

77 772 144 837 Quin
162 772 269 837 pudeat,
288 770 345 838 quin
357 782 445 839 purget
459 770 493 821 se.
509 770 583 822 Nunc
597 782 623 823 te
638 771 763 835 obtestor,

148 843 254 902 Euclio,

75 917 100 970 Si
109 918 169 986 quid
177 935 224 985 ego
234 933 292 986 erga
300 927 325 966 te
336 915 473 982 imprudens
484 916 603 984 peccavi,
619 931 661 970 aut
669 933 765 988 gnatam

148 1004 237 1051 tuam,

75 1065 110 1116 Ut
117 1065 175 1114 mihi
183 1064 307 1133 ignoscas,
317 1079 418 1133 eamque
425 1079 527 1116 uxorem
533 1063 591 1114 mihi
598 1064 639 1115 des
647 1099 654 1125 ,
661 1079 689 1116 ut
694 1067 763 1138 leges

147 1138 251 1188 ‘ub'ent't
453 1143 457 1154 '
533 1145 537 1157 ⁴
627 1143 632 1156 “
751 1148 756 1156 ’

72 1212 128 1279 Ego
142 1156 180 1262 rJne
192 1211 302 1277 injuriam
316 1210 397 1261 fecisse
407 1209 463 1261 filiae
473 1211 554 1262 fateor
566 1222 634 1271 tuae,

69 1285 173 1338 ‚Cereus
191 1285 296 1353 vigiliis,
312 1301 357 1352 per
371 1285 469 1346 vinum,
484 1298 557 1354 atque
566 1284 667 1352 impulsu
677 1285 762 1338 adole·

145 1358 253 1410 scentiae.
772 1362 805 1428 65

335 1430 491 1481 Eucuxo.

71 1501 121 1556 Hei
131 1504 190 1556 numi
202 1504 208 1557 !
221 1505 287 1574 quod
296 1504 388 1555 facinus
399 1521 430 1554 ex
439 1515 465 1554 te
476 1520 525 1572 ego
534 1504 605 1557 audio
615 1501 628 1558 ὶ

299 1577 530 1630 Lucouuoum

592 1652 645 1702 Cur
658 1649 758 1720 ejulas?

70 1723 154 1790 Quem
165 1742 212 1794 ego
221 1742 292 1777 avom
301 1725 349 1775 feei
359 1724 406 1791 jam
415 1735 443 1774 ut
452 1723 512 1775 effes
522 1723 578 1774 ffliae
588 1727 676 1792 nuptiis
687 1743 695 1777 ε
800 1785 806 1794 ¹

68 1799 134 1849 Nam
147 1811 189 1850 tua
201 1812 271 1868 gnata
287 1799 400 1866 peperit,
417 1798 520 1849 decumo
533 1799 614 1849 mense
629 1799 680 1867 post
696 1814 758 1853 :nu-

142 1890 233 1923 merum
250 1890 319 1939 cape.

70 1945 106 1997 Ea
121 1964 149 1996 re
165 1948 291 2013 repudium
305 1943 393 1997 remifit
406 1946 540 1995 avonculus
553 1943 634 1995 causo&
646 1943 710 1997 mei.

67 2019 79 2069 1
93 2016 179 2079 intro,
195 2021 314 2087 exquire,
329 2018 388 2069 fitne
402 2021 453 2079 ita,
469 2033 496 2069 ut
509 2035 557 2086 ego
567 2018 683 2084 predico.
766 2039 803 2089 70

333 2093 487 2144 Eueno.

568 2162 632 2215 Perii
641 2161 751 2231 oppido!

66 2238 105 2289 lta
123 2237 180 2289 mihi
195 2239 226 2289 ad
241 2240 329 2291 malum
344 2242 412 2290 male
429 2256 468 2293 res
485 2239 592 2307 plurimae
611 2238 635 2289 se
650 2238 755 2308 aggluti-

140 2325 209 2363 nant.

65 2384 112 2439 lbo
128 2384 210 2447 intro,
227 2398 256 2438 ut
268 2386 324 2455 quid
340 2385 411 2453 hujus
424 2386 477 2437 veri
487 2384 538 2445 fit,
555 2384 636 2439 sciam.
720 2396 725 2403 '

291 2460 524 2511 Lucouuuuu

546 2530 637 2584 Jamte
653 2529 750 2597 sequor.

63 2604 127 2655 Haec
139 2605 315 2671 propemodum
328 2604 377 2691 jum
392 2604 439 2657 effe
454 2606 478 2655 in
492 2605 556 2657 vado
569 2603 648 2656 salutis
660 2619 700 2655 res
713 2603 751 2660 vi-

138 2678 219 2731 detur.

62 2752 137 2803 Nunc
147 2752 242 2803 servom
251 2752 298 2805 effe
307 2753 348 2805 ubi
358 2750 434 2805 dicam
447 2768 527 2804 meum
535 2750 665 2803 Strobilum
674 2784 683 2812 ,
699 2766 750 2802 non

136 2842 245 2893 repono.
